%%%%%%%%%%%%%%%%%%%%%%% Higgs Theory %%%%%%%%%%%%%%%%%%%%%%%

@article{Morrissey_2012,
doi = {10.1088/1367-2630/14/12/125003},
url = {https://dx.doi.org/10.1088/1367-2630/14/12/125003},
year = {2012},
month = {dec},
publisher = {IOP Publishing},
volume = {14},
number = {12},
pages = {125003},
author = {David E Morrissey and Michael J Ramsey-Musolf},
title = {Electroweak baryogenesis},
journal = {New Journal of Physics},
}

@article{BAZZOCCHI2005372,
title = {Flavor and electroweak symmetry breaking at the TeV scale},
journal = {Nuclear Physics B},
volume = {715},
number = {1},
pages = {372-412},
year = {2005},
issn = {0550-3213},
doi = {https://doi.org/10.1016/j.nuclphysb.2005.03.004},
url = {https://www.sciencedirect.com/science/article/pii/S0550321305002002},
author = {F. Bazzocchi and M. Fabbrichesi},
}


@Article{sym13122406,
AUTHOR = {Argyropoulos, Spyros and Brandt, Oleg and Haisch, Ulrich},
TITLE = {Collider Searches for Dark Matter through the Higgs Lens},
JOURNAL = {Symmetry},
VOLUME = {13},
YEAR = {2021},
NUMBER = {12},
ARTICLE-NUMBER = {2406},
URL = {https://www.mdpi.com/2073-8994/13/12/2406},
ISSN = {2073-8994},
DOI = {10.3390/sym13122406}
}

@article{10.1143/PTP.64.1103,
    author = {Yanagida, Tsutomu},
    title = "{Horizontal Symmetry and Masses of Neutrinos}",
    journal = {Progress of Theoretical Physics},
    volume = {64},
    number = {3},
    pages = {1103-1105},
    year = {1980},
    month = {09},
    issn = {0033-068X},
    doi = {10.1143/PTP.64.1103},
    url = {https://doi.org/10.1143/PTP.64.1103},
    eprint = {https://academic.oup.com/ptp/article-pdf/64/3/1103/5394376/64-3-1103.pdf},
}


@article{Krauss:2013oea,
    author = "Krauss, Lawrence M. and Dent, James B.",
    title = "{A Higgs--Saw Mechanism as a Source for Dark Energy}",
    eprint = "1306.3239",
    archivePrefix = "arXiv",
    primaryClass = "hep-ph",
    doi = "10.1103/PhysRevLett.111.061802",
    journal = "Phys. Rev. Lett.",
    volume = "111",
    pages = "061802",
    year = "2013"
}



@book{Dittmaier:2012vm,
    xauthor = "Dittmaier, S. and others",
    author = "LHC Higgs Cross Section Working Group",
    title         = "{Handbook of LHC Higgs Cross Sections: 2. Differential Distributions}",
    publisher     = "CERN",
    address       = "Geneva",
    series        = "CERN Yellow Reports: Monographs",
    year          = "2012",
    url           = "https://cds.cern.ch/record/1416519",
    doi           = "10.5170/CERN-2012-002",
}

@book{LHCHiggsCrossSectionWorkingGroup:2016ypw,
    xauthor = "de Florian, D. and others",
    author = "LHC Higgs Cross Section Working Group",
    title         = "{Handbook of LHC Higgs Cross Sections: 4. Deciphering the
                    Nature of the Higgs Sector}",
    publisher     = "CERN",
    address       = "Geneva",
    series        = "CERN Yellow Reports: Monographs",
    year          = "2017",
    url           = "https://cds.cern.ch/record/2227475",
    doi           = "10.23731/CYRM-2017-002",
}

@article{Veatch:2022uzz,
    author = "Veatch, Jason",
    title = "{Searches for Resonant Scalar Boson Pair Production Using Run 2 LHC Proton-Proton Collision Data}",
    doi = "10.3390/sym14020260",
    journal = "Symmetry",
    volume = "14",
    number = "2",
    pages = "260",
    year = "2022"
}

@article{Grazzini:2018bsd,
    author = "Grazzini, Massimiliano and Heinrich, Gudrun and Jones, Stephen and Kallweit, Stefan and Kerner, Matthias and Lindert, Jonas M. and Mazzitelli, Javier",
    title = "{Higgs boson pair production at NNLO with top quark mass effects}",
    eprint = "1803.02463",
    archivePrefix = "arXiv",
        reportNumber = "CERN-TH-2018-044, IPPP/18/15, MPP-2018-30, ZU-TH 10/18, IPPP-18-15, ZU-TH-10-18",
    doi = "10.1007/JHEP05(2018)059",
    journal = "JHEP",
    volume = "05",
    pages = "059",
    year = "2018"
}

@article{Baglio:2020wgt,
    author = {Baglio, J. and Campanario, F. and Glaus, S. and M\"uhlleitner, M. and Ronca, J. and Spira, M.},
    title = "{$gg\to HH$ : Combined uncertainties}",
    eprint = "2008.11626",
    archivePrefix = "arXiv",
        reportNumber = "CERN-TH-2020-139, IFIC/20-42, FTUV-20-0823, KA-TP-11-2020,
  PSI-PR-20-13, KA-TP-11-2020, PSI-PR-20-13",
    doi = "10.1103/PhysRevD.103.056002",
    journal = "Phys. Rev. D",
    volume = "103",
    number = "5",
    pages = "056002",
    year = "2021"
}

@article{Bishara:2016kjn,
    author = "Bishara, Fady and Contino, Roberto and Rojo, Juan",
    title = "{Higgs pair production in vector-boson fusion at the LHC and beyond}",
    eprint = "1611.03860",
    archivePrefix = "arXiv",
        doi = "10.1140/epjc/s10052-017-5037-9",
    journal = "Eur. Phys. J. C",
    volume = "77",
    number = "7",
    pages = "481",
    year = "2017"
}

@article{Branco:2011iw,
    author = "Branco, G. C. and Ferreira, P. M. and Lavoura, L. and Rebelo, M. N. and Sher, Marc and Silva, Joao P.",
    title = "{Theory and phenomenology of two-Higgs-doublet models}",
    eprint = "1106.0034",
    archivePrefix = "arXiv",
    primaryClass = "hep-ph",
    doi = "10.1016/j.physrep.2012.02.002",
    journal = "Phys. Rept.",
    volume = "516",
    pages = "1--102",
    year = "2012"
}

@unpublished{Craig:2013hca,
    author = "Craig, Nathaniel and Galloway, Jamison and Thomas, Scott",
    title = "{Searching for Signs of the Second Higgs Doublet}",
    eprint = "1305.2424",
    archivePrefix = "arXiv",
    primaryClass = "hep-ph",
    reportNumber = "RU-NHETC-2013-07",
    month = "5",
    year = "2013"
}

@article{Domingo:2022kfm,
    author = "Domingo, Florian and Pa\ss{}ehr, Sebastian",
    title = "{About the bosonic decays of heavy Higgs states in the (N)MSSM}",
    eprint = "2207.05776",
    archivePrefix = "arXiv",
    primaryClass = "hep-ph",
    reportNumber = "BONN-TH-2022-16, TTK-22-23, BONN-TH-2022-16 TTK-22-23",
    doi = "10.1140/epjc/s10052-022-10919-4",
    journal = "Eur. Phys. J. C",
    volume = "82",
    number = "10",
    pages = "962",
    year = "2022"
}



%%%%%%%%%%%%%%%%%%%%%%% Statistics %%%%%%%%%%%%%%%%%%%%%%%

@Article{harris2020array,
    title         = {Array programming with {NumPy}},
    author        = {Charles R. Harris and others},
    year          = {2020},
    month         = sep,
    journal       = {Nature},
    volume        = {585},
    number        = {7825},
    pages         = {357--362},
    doi           = {10.1038/s41586-020-2649-2},
    publisher     = {Springer Science and Business Media {LLC}},
    url           = {https://doi.org/10.1038/s41586-020-2649-2}
}

@ARTICLE{2020SciPy-NMeth,
  author  = {Virtanen, Pauli and others},
  title   = {{{SciPy} 1.0: Fundamental Algorithms for Scientific
            Computing in Python}},
  journal = {Nature Methods},
  year    = {2020},
  volume  = {17},
  pages   = {261--272},
  adsurl  = {https://rdcu.be/b08Wh},
  doi     = {10.1038/s41592-019-0686-2},
}

@Article{Hunter:2007,
  Author    = {Hunter, J. D.},
  Title     = {Matplotlib: A 2D graphics environment},
  Journal   = {Computing in Science \& Engineering},
  Volume    = {9},
  Number    = {3},
  Pages     = {90--95},
  abstract  = {Matplotlib is a 2D graphics package used for Python for
  application development, interactive scripting, and publication-quality
  image generation across user interfaces and operating systems.},
  publisher = {IEEE COMPUTER SOC},
  doi       = {10.1109/MCSE.2007.55},
  year      = 2007
}

@article{Cowan:2010js,
    author = "Cowan, Glen and Cranmer, Kyle and Gross, Eilam and Vitells, Ofer",
    title = "{Asymptotic formulae for likelihood-based tests of new physics}",
    eprint = "1007.1727",
    archivePrefix = "arXiv",
        doi = "10.1140/epjc/s10052-011-1554-0",
    journal = "Eur. Phys. J. C",
    volume = "71",
    pages = "1554",
    year = "2011",
    note = "[Erratum: Eur.Phys.J.C 73, 2501 (2013)]"
}

@inproceedings{Cranmer:2014lly,
    author = "Cranmer, Kyle",
    title = "{Practical Statistics for the LHC}",
    booktitle = "{2011 European School of High-Energy Physics}",
    eprint = "1503.07622",
    archivePrefix = "arXiv",
    doi = "10.5170/CERN-2014-003.267",
    year = "2014"
}

@phdthesis{Stiller:thesis,
    author = {Stiller, Caroline},
    school = {University of Hohenheim},
    year = {2021},
    month = {01},
    pages = {},
    title = {Baseline assessment and effect of a supplementary community-based nutrition intervention study on the prevention/treatment of anemia among young Adivasi children in West Bengal, India}
}

@article{ATLAS:2012yve,
    author = "ATLAS Collaboration",
    title = "{Observation of a new particle in the search for the Standard Model Higgs boson with the ATLAS detector at the LHC}",
    eprint = "1207.7214",
    archivePrefix = "arXiv",
        reportNumber = "CERN-PH-EP-2012-218",
    doi = "10.1016/j.physletb.2012.08.020",
    journal = "Phys. Lett. B",
    volume = "716",
    pages = "1--29",
    year = "2012"
}


%%%%%%%%%%%%%%%%%%%%%%% Jets and Jet Tagging %%%%%%%%%%%%%%%%%%%%%%%

@inproceedings{Kansal:2020svm,
    author = "Kansal, Raghav and Duarte, Javier and Orzari, Breno and Tomei, Thiago and Pierini, Maurizio and Touranakou, Mary and Vlimant, Jean-Roch and Gunopulos, Dimitrios",
    title = "{Graph Generative Adversarial Networks for Sparse Data Generation in High Energy Physics}",
    booktitle = "{34th Conference on Neural Information Processing Systems}",
    eprint = "2012.00173",
    archivePrefix = "arXiv",
    primaryClass = "physics.data-an",
    month = "11",
    year = "2020"
}

@inproceedings{Li:2023xhj,
    author = "Li, Anni and Krishnamohan, Venkat and Kansal, Raghav and Sen, Rounak and Tsan, Steven and Zhang, Zhaoyu and Duarte, Javier",
    title = "{Induced Generative Adversarial Particle Transformers}",
    booktitle = "{37th Conference on Neural Information Processing Systems}",
    eprint = "2312.04757",
    archivePrefix = "arXiv",
    primaryClass = "hep-ex",
    reportNumber = "FERMILAB-CONF-23-751-CMS-PPD",
    month = "12",
    year = "2023"
}

@article{Kansal:2023iqy,
    author = "Kansal, Raghav and Pareja, Carlos and Hao, Zichun and Duarte, Javier",
    title = "{JetNet: A Python Package for Accessing Open Datasets and Benchmarking Machine Learning Methods in High Energy Physics}",
    doi = "10.21105/joss.05789",
    journal = "J. Open Source Softw.",
    volume = "8",
    number = "90",
    pages = "5789",
    year = "2023"
}

@inproceedings{Tsan:2021brw,
    author = "Tsan, Steven and Kansal, Raghav and Aportela, Anthony and Diaz, Daniel and Duarte, Javier and Krishna, Sukanya and Mokhtar, Farouk and Vlimant, Jean-Roch and Pierini, Maurizio",
    title = "{Particle Graph Autoencoders and Differentiable, Learned Energy Mover's Distance}",
    booktitle = "{35th Conference on Neural Information Processing Systems}",
    eprint = "2111.12849",
    archivePrefix = "arXiv",
    primaryClass = "physics.data-an",
    month = "11",
    year = "2021"
}

@article{Larkoski:2014wba,
      author         = "Larkoski, Andrew J. and Marzani, Simone and Soyez,
                        Gregory and Thaler, Jesse",
      title          = "{Soft Drop}",
      journal        = "JHEP",
      volume         = "05",
      year           = "2014",
      pages          = "146",
      doi            = "10.1007/JHEP05(2014)146",
      eprint         = "1402.2657",
      archivePrefix  = "arXiv",
      primaryClass   = "hep-ph",
      reportNumber   = "MIT-CTP-4531, DCPT-14-24, IPPP-14-12",
      SLACcitation   = "%%CITATION = ARXIV:1402.2657;%%"
}

@article{Qu:2019gqs,
    author = "Qu, Huilin and Gouskos, Loukas",
    title = "{ParticleNet: Jet Tagging via Particle Clouds}",
    eprint = "1902.08570",
    archivePrefix = "arXiv",
    primaryClass = "hep-ph",
    doi = "10.1103/PhysRevD.101.056019",
    journal = "Phys. Rev. D",
    volume = "101",
    number = "5",
    pages = "056019",
    year = "2020"
}

@InProceedings{Qu:2022mxj,
    author = "Qu, Huilin and Li, Congqiao and Qian, Sitian",
    title = "{Particle Transformer for Jet Tagging}",
    booktitle = "{Proceedings of the 39th International Conference on Machine Learning}",
    pages = "18281--18292",
    year = "2022",
    eprint = "2202.03772",
    archivePrefix = "arXiv",
}

@misc{CMS-DP-2020-002,
      title         = "{Identification of highly Lorentz-boosted heavy particles
                       using graph neural networks and new mass decorrelation
                       techniques}",
      author = "CMS Collaboration",
      year          = "2020",
      reportNumber  = "CMS-DP-2020-002",
      type  = "CMS Detector Performance Note",
      url           = "https://cds.cern.ch/record/2707946",
}

@misc{CMS-DP-2021-017,
      author = "CMS Collaboration",
      title         = "{Mass regression of highly-boosted jets using graph neural
                       networks}",
      year          = "2021",
      url           = "https://cds.cern.ch/record/2777006",
}

@techreport{CMS:2023tlv,
    author = "CMS Collaboration",
    title = "{Performance of heavy-flavour jet identification in boosted topologies in proton-proton collisions at $\sqrt{s} = 13\TeV$}",
    number = "CMS-PAS-BTV-22-001",
    year = "2023",
    type = "{CMS Physics Analysis Summary}",
    url = "https://cds.cern.ch/record/2866276",
}

@article{Dreyer:2018nbf,
    author = "Dreyer, Fr\'ed\'eric A. and Salam, Gavin P. and Soyez, Gr\'egory",
    title = "{The Lund Jet Plane}",
    eprint = "1807.04758",
    archivePrefix = "arXiv",
    primaryClass = "hep-ph",
    reportNumber = "CERN-TH-2018-151",
    doi = "10.1007/JHEP12(2018)064",
    journal = "JHEP",
    volume = "12",
    pages = "064",
    year = "2018"
}

@misc{CMS-DP-2023-046,
      author = "CMS Collaboration",
      title         = "{Lund Plane Reweighting for Jet Substructure Correction}",
      year          = "2023",
      url           = "https://cds.cern.ch/record/2866330",
}

@article{Catani:1993hr,
    author = "Catani, S. and Dokshitzer, Yuri L. and Seymour, M. H. and Webber, B. R.",
    title = "{Longitudinally invariant $K_t$ clustering algorithms for hadron hadron collisions}",
    reportNumber = "CERN-TH-6775-93, LU-TP-93-2",
    doi = "10.1016/0550-3213(93)90166-M",
    journal = "Nucl. Phys. B",
    volume = "406",
    pages = "187--224",
    year = "1993"
}

@article{Ellis:1993tq,
    author = "Ellis, Stephen D. and Soper, Davison E.",
    title = "{Successive combination jet algorithm for hadron collisions}",
    eprint = "hep-ph/9305266",
    archivePrefix = "arXiv",
    reportNumber = "CERN-TH-6860-93",
    doi = "10.1103/PhysRevD.48.3160",
    journal = "Phys. Rev. D",
    volume = "48",
    pages = "3160--3166",
    year = "1993"
}

%%%%%%%%%%%%%%%%%%%%%%% Higgs results %%%%%%%%%%%%%%%%%%%%%%%

@article{CMS:2022gjd,
    author = "CMS Collaboration",
    title = "{Search for Nonresonant Pair Production of Highly Energetic Higgs Bosons Decaying to Bottom Quarks}",
    eprint = "2205.06667",
    archivePrefix = "arXiv",
    reportNumber = "CMS-B2G-22-003, CERN-EP-2022-090",
    doi = "10.1103/PhysRevLett.131.041803",
    journal = "Phys. Rev. Lett.",
    volume = "131",
    number = "4",
    pages = "041803",
    year = "2023"
}

@article{CMS:2022hgz,
    author = "CMS Collaboration",
    title = "{Search for nonresonant Higgs boson pair production in final state with two bottom quarks and two tau leptons in proton-proton collisions at s=13~TeV}",
    eprint = "2206.09401",
    archivePrefix = "arXiv",
    reportNumber = "CMS-HIG-20-010, CERN-EP-2022-117",
    doi = "10.1016/j.physletb.2022.137531",
    journal = "Phys. Lett. B",
    volume = "842",
    pages = "137531",
    year = "2023"
}

@article{CMS:2022cpr,
    author = "CMS Collaboration",
    title = "{Search for Higgs Boson Pair Production in the Four b Quark Final State in Proton-Proton Collisions at s=13\,\,TeV}",
    eprint = "2202.09617",
    archivePrefix = "arXiv",
    reportNumber = "CMS-HIG-20-005, CERN-EP-2022-004",
    doi = "10.1103/PhysRevLett.129.081802",
    journal = "Phys. Rev. Lett.",
    volume = "129",
    number = "8",
    pages = "081802",
    year = "2022"
}

@techreport{ATLAS-CONF-2024-003,
    author = "ATLAS Collaboration",
    title         = "{Search for pair production of boosted Higgs bosons via
                    vector-boson fusion production in the $b\bar{b}b\bar{b}$
                    final state using $pp$ collisions at $\sqrt{s} = 13$ TeV
                    with the ATLAS detector}",
    reportNumber  = "ATLAS-CONF-2024-003",
    year          = "2024",
    url           = "https://cds.cern.ch/record/2892521",
}

@article{BoostedXHY4b,
    author = "CMS Collaboration",
    collaboration = "CMS",
    title = "{Search for a massive scalar resonance decaying to a light scalar and a Higgs boson in the four b quarks final state with boosted topology}",
    eprint = "2204.12413",
    archivePrefix = "arXiv",
    reportNumber = "CMS-B2G-21-003, CERN-EP-2022-034",
    doi = "10.1016/j.physletb.2022.137392",
    journal = "Phys. Lett. B",
    volume = "842",
    pages = "137392",
    year = "2023"
}

@article{CMS:2024rgy,
    author = "CMS Collaboration",
    title = "{Search for Higgs boson pair production in the bbWW decay mode in proton-proton collisions at $\sqrt{s}$ = 13 TeV}",
    journal = "Submitted to JHEP",
    eprint = "2403.09430",
    archivePrefix = "arXiv",
    reportNumber = "CMS-HIG-21-005, CERN-EP-2024-043",
    month = "3",
    year = "2024"
}

@article{CMS:2023boe,
    author = "CMS Collaboration",
    title = "{Search for a new resonance decaying into two spin-0 bosons in a final state with two photons and two bottom quarks in proton-proton collisions at $\sqrt{s}$ = 13 TeV}",
    journal = "Submitted to JHEP",
    eprint = "2310.01643",
    archivePrefix = "arXiv",
    reportNumber = "CMS-HIG-21-011, CERN-EP-2023-132",
    month = "10",
    year = "2023"
}

@article{CMS:2021yci,
    author = "CMS Collaboration",
    title = "{Search for a heavy Higgs boson decaying into two lighter Higgs bosons in the $\tau\tau$bb final state at 13 TeV}",
    eprint = "2106.10361",
    archivePrefix = "arXiv",
    reportNumber = "CMS-HIG-20-014, CERN-EP-2021-094",
    doi = "10.1007/JHEP11(2021)057",
    journal = "JHEP",
    volume = "11",
    pages = "057",
    year = "2021"
}

@article{CMS:2020tkr,
    author = "CMS Collaboration",
    title = "{Search for nonresonant Higgs boson pair production in final states with two bottom quarks and two photons in proton-proton collisions at $ \sqrt{s} $ = 13 TeV}",
    eprint = "2011.12373",
    archivePrefix = "arXiv",
    primaryClass = "hep-ex",
    reportNumber = "CMS-HIG-19-018, CERN-EP-2020-222",
    doi = "10.1007/JHEP03(2021)257",
    journal = "JHEP",
    volume = "03",
    pages = "257",
    year = "2021"
}

@article{CMS:2022dwd,
    author = "Tumasyan, Armen and others",
    collaboration = "CMS",
    title = "{A portrait of the Higgs boson by the CMS experiment ten years after the discovery.}",
    eprint = "2207.00043",
    archivePrefix = "arXiv",
    primaryClass = "hep-ex",
    reportNumber = "CMS-HIG-22-001, CERN-EP-2022-039",
    doi = "10.1038/s41586-022-04892-x",
    journal = "Nature",
    volume = "607",
    number = "7917",
    pages = "60--68",
    year = "2022",
    note = "[Erratum: Nature 623, (2023)]"
}

%%%%%%%%%%%%%%%%%%%%%%% Computing %%%%%%%%%%%%%%%%%%%%%%%

@unpublished{Software:2815292,
      author        = "{CMS Offline Software and Computing}",
      title         = "{CMS Phase-2 Computing Model: Update Document}",
      reportNumber  = "CMS-NOTE-2022-008, CERN-CMS-NOTE-2022-008",
      year          = "2022",
      url           = "https://cds.cern.ch/record/2815292",
}

@article{Pedro:2018jqu,
    author = "Pedro, Kevin",
    editor = "Forti, A. and Betev, L. and Litmaath, M. and Smirnova, O. and Hristov, P.",
    collaboration = "CMS",
    title = "{Current and future performance of the CMS simulation}",
    reportNumber = "FERMILAB-CONF-18-784-SCD, CMS-CR-2018-211",
    doi = "10.1051/epjconf/201921402036",
    journal = "EPJ Web Conf.",
    volume = "214",
    pages = "02036",
    year = "2019"
}

@article{Alwall:2011uj,
    author = "Alwall, Johan and Herquet, Michel and Maltoni, Fabio and Mattelaer, Olivier and Stelzer, Tim",
    title = "{MadGraph 5 : Going Beyond}",
    eprint = "1106.0522",
    archivePrefix = "arXiv",
    primaryClass = "hep-ph",
    reportNumber = "FERMILAB-PUB-11-448-T",
    doi = "10.1007/JHEP06(2011)128",
    journal = "JHEP",
    volume = "06",
    pages = "128",
    year = "2011"
}

%%%%%%%%%%%% ML4Sim %%%%%%%%%%%%%%%

@unpublished{Kach:2023rqw,
    author = {K\"ach, Benno and Melzer-Pellmann, Isabell},
    title = "{Attention to Mean-Fields for Particle Cloud Generation}",
    eprint = "2305.15254",
    archivePrefix = "arXiv",
    primaryClass = "hep-ex",
    month = "5",
    year = "2023"
}

@unpublished{Kach:2024yxi,
    author = {K\"ach, Benno and Melzer-Pellmann, Isabell and Kr\"ucker, Dirk},
    title = "{Pay Attention To Mean Fields For Point Cloud Generation}",
    eprint = "2408.04997",
    archivePrefix = "arXiv",
    primaryClass = "hep-ex",
    month = "8",
    year = "2024"
}

@unpublished{Krause:2024avx,
    author = "Krause, Claudius and others",
    title = "{CaloChallenge 2022: A Community Challenge for Fast Calorimeter Simulation}",
    eprint = "2410.21611",
    archivePrefix = "arXiv",
    primaryClass = "cs.LG",
    reportNumber = "HEPHY-ML-24-05, FERMILAB-PUB-24-0728-CMS, TTK-24-43",
    month = "10",
    year = "2024"
}

@unpublished{Araz:2024bom,
    author = "Araz, Jack Y. and Mikuni, Vinicius and Ringer, Felix and Sato, Nobuo and Acosta, Fernando Torales and Whitehill, Richard",
    title = "{Point cloud-based diffusion models for the Electron-Ion Collider}",
    eprint = "2410.22421",
    archivePrefix = "arXiv",
    primaryClass = "hep-ph",
    month = "10",
    year = "2024"
}

@unpublished{Mikuni:2024qsr,
    author = "Mikuni, Vinicius and Nachman, Benjamin",
    title = "{OmniLearn: A Method to Simultaneously Facilitate All Jet Physics Tasks}",
    eprint = "2404.16091",
    archivePrefix = "arXiv",
    primaryClass = "hep-ph",
    month = "4",
    year = "2024"
}

@unpublished{Chen:2024rna,
    author = "Chen, Yi-An and Chen, Kai-Feng",
    title = "{Jet Discrimination with Quantum Complete Graph Neural Network}",
    eprint = "2403.04990",
    archivePrefix = "arXiv",
    primaryClass = "hep-ph",
    month = "3",
    year = "2024"
}

@article{Scham:2023cwn,
    author = {Scham, Moritz A. W. and Kr\"ucker, Dirk and K\"ach, Benno and Borras, Kerstin},
    title = "{DeepTreeGAN: Fast Generation of High Dimensional Point Clouds}",
    eprint = "2311.12616",
    archivePrefix = "arXiv",
    primaryClass = "hep-ex",
    doi = "10.1051/epjconf/202429509010",
    journal = "EPJ Web Conf.",
    volume = "295",
    pages = "09010",
    year = "2024"
}

@unpublished{Scham:2023usu,
    author = {Scham, Moritz Alfons Wilhelm and Kr\"ucker, Dirk and Borras, Kerstin},
    title = "{DeepTreeGANv2: Iterative Pooling of Point Clouds}",
    eprint = "2312.00042",
    archivePrefix = "arXiv",
    primaryClass = "physics.data-an",
    month = "11",
    year = "2023"
}

@unpublished{Jiang:2024ohg,
    author = "Jiang, Cheng and Qian, Sitian and Qu, Huilin",
    title = "{Choose Your Diffusion: Efficient and flexible ways to accelerate the diffusion model in fast high energy physics simulation}",
    eprint = "2401.13162",
    archivePrefix = "arXiv",
    primaryClass = "physics.ins-det",
    month = "1",
    year = "2024"
}

@unpublished{Buhmann:2023zgc,
    author = "Buhmann, Erik and Ewen, Cedric and Faroughy, Darius A. and Golling, Tobias and Kasieczka, Gregor and Leigh, Matthew and Qu\'etant, Guillaume and Raine, John Andrew and Sengupta, Debajyoti and Shih, David",
    title = "{EPiC-ly Fast Particle Cloud Generation with Flow-Matching and Diffusion}",
    eprint = "2310.00049",
    archivePrefix = "arXiv",
    primaryClass = "hep-ph",
    month = "9",
    year = "2023"
}

@article{Leigh:2023zle,
    author = "Leigh, Matthew and Sengupta, Debajyoti and Raine, John Andrew and Qu\'etant, Guillaume and Golling, Tobias",
    title = "{Faster diffusion model with improved quality for particle cloud generation}",
    eprint = "2307.06836",
    archivePrefix = "arXiv",
    primaryClass = "hep-ex",
    doi = "10.1103/PhysRevD.109.012010",
    journal = "Phys. Rev. D",
    volume = "109",
    number = "1",
    pages = "012010",
    year = "2024"
}

@unpublished{Kach:2023rqw,
    author = {K\"ach, Benno and Melzer-Pellmann, Isabell},
    title = "{Attention to Mean-Fields for Particle Cloud Generation}",
    eprint = "2305.15254",
    archivePrefix = "arXiv",
    primaryClass = "hep-ex",
    month = "5",
    year = "2023"
}

@article{Mikuni:2023dvk,
    author = "Mikuni, Vinicius and Nachman, Benjamin and Pettee, Mariel",
    title = "{Fast point cloud generation with diffusion models in high energy physics}",
    eprint = "2304.01266",
    archivePrefix = "arXiv",
    primaryClass = "hep-ph",
    doi = "10.1103/PhysRevD.108.036025",
    journal = "Phys. Rev. D",
    volume = "108",
    number = "3",
    pages = "036025",
    year = "2023"
}

@article{Leigh:2023toe,
    author = "Leigh, Matthew and Sengupta, Debajyoti and Qu\'etant, Guillaume and Raine, John Andrew and Zoch, Knut and Golling, Tobias",
    title = "{PC-JeDi: Diffusion for particle cloud generation in high energy physics}",
    eprint = "2303.05376",
    archivePrefix = "arXiv",
    primaryClass = "hep-ph",
    doi = "10.21468/SciPostPhys.16.1.018",
    journal = "SciPost Phys.",
    volume = "16",
    number = "1",
    pages = "018",
    year = "2024"
}

@article{Buhmann:2023pmh,
    author = "Buhmann, Erik and Kasieczka, Gregor and Thaler, Jesse",
    title = "{EPiC-GAN: Equivariant point cloud generation for particle jets}",
    eprint = "2301.08128",
    archivePrefix = "arXiv",
    primaryClass = "hep-ph",
    reportNumber = "MIT-CTP 5519",
    doi = "10.21468/SciPostPhys.15.4.130",
    journal = "SciPost Phys.",
    volume = "15",
    number = "4",
    pages = "130",
    year = "2023"
}

@unpublished{Kach:2022uzq,
    author = {K\"ach, Benno and Kr\"ucker, Dirk and Melzer-Pellmann, Isabell},
    title = "{Point Cloud Generation using Transformer Encoders and Normalising Flows}",
    eprint = "2211.13623",
    archivePrefix = "arXiv",
    primaryClass = "hep-ex",
    month = "11",
    year = "2022"
}

@unpublished{Kach:2022qnf,
    author = {K\"ach, Benno and Kr\"ucker, Dirk and Melzer-Pellmann, Isabell and Scham, Moritz and Schnake, Simon and Verney-Provatas, Alexi},
    title = "{JetFlow: Generating Jets with Conditioned and Mass Constrained Normalising Flows}",
    eprint = "2211.13630",
    archivePrefix = "arXiv",
    primaryClass = "hep-ex",
    month = "11",
    year = "2022"
}

@unpublished{Jiang:2024bwr,
    author = "Jiang, Cheng and Qian, Sitian and Qu, Huilin",
    title = "{BUFF: Boosted Decision Tree based Ultra-Fast Flow matching}",
    eprint = "2404.18219",
    archivePrefix = "arXiv",
    primaryClass = "physics.ins-det",
    month = "4",
    year = "2024"
}

@article{Hao:2022zns,
    author = "Hao, Zichun and Kansal, Raghav and Duarte, Javier and Chernyavskaya, Nadezda",
    title = "{Lorentz group equivariant autoencoders}",
    eprint = "2212.07347",
    archivePrefix = "arXiv",
    primaryClass = "hep-ex",
    reportNumber = "FERMILAB-PUB-22-963-V",
    doi = "10.1140/epjc/s10052-023-11633-5",
    journal = "Eur. Phys. J. C",
    volume = "83",
    number = "6",
    pages = "485",
    year = "2023"
}

@article{Varghese:2023bue,
    author = "Varghese, Sanu",
    collaboration = "CMS",
    title = "{CMS High Level Trigger Performance for Run 3}",
    reportNumber = "CMS-CR-2023-244",
    doi = "10.22323/1.449.0517",
    journal = "PoS",
    volume = "EPS-HEP2023",
    pages = "517",
    year = "2024"
}


%%%%%%%%%%%%%%%%%%%%%%%  ML  %%%%%%%%%%%%%%%%%%%%%%%

@inbook{hastie2009boosting,
  author    = {Trevor Hastie and Robert Tibshirani and Jerome H. Friedman},
  title     = {Boosting and Additive Trees},
  booktitle = {The Elements of Statistical Learning},
  edition   = {2nd},
  publisher = {Springer},
  address   = {New York},
  year      = {2009},
  pages     = {337--384},
  isbn      = {978-0-387-84857-0},
}

@book{lincoln2024instrumentation,
  title     = {Instrumentation and Techniques in High Energy Physics},
  editor    = {Lincoln, Don},
  publisher = {World Scientific},
  address   = {Singapore},
  year      = {2024},
  isbn      = {978-9819801091},
  doi       = {10.1142/14049},
  url       = {https://www.worldscientific.com/worldscibooks/10.1142/14049},
}

@misc{hepmllivingreview,
    Author = "{HEP ML Community}",
    title = "{A Living Review of Machine Learning for Particle Physics}",
    url={https://iml-wg.github.io/HEPML-LivingReview/}
}

@book{chapelle2006semisupervised,
    title     = {Semi-Supervised Learning},
    editor    = {Chapelle, Olivier and Sch{\"o}lkopf, Bernhard and Zien, Alexander},
    year      = {2006},
    publisher = {MIT Press},
    address   = {Cambridge, MA},
    isbn      = {978-0-262-03358-9},
}

@misc{balestriero2023cookbookselfsupervisedlearning,
    title={A Cookbook of Self-Supervised Learning},
    author={Randall Balestriero and Mark Ibrahim and Vlad Sobal and Ari Morcos and Shashank Shekhar and Tom Goldstein and Florian Bordes and Adrien Bardes and Gregoire Mialon and Yuandong Tian and Avi Schwarzschild and Andrew Gordon Wilson and Jonas Geiping and Quentin Garrido and Pierre Fernandez and Amir Bar and Hamed Pirsiavash and Yann LeCun and Micah Goldblum},
    year={2023},
    eprint={2304.12210},
    archivePrefix={arXiv},
    primaryClass={cs.LG},
    url={https://arxiv.org/abs/2304.12210},
}

@misc{hinton2012rmsprop,
  author       = {Hinton, Geoffrey},
  title        = {Neural Networks for Machine Learning -- Lecture 6e -- RMSProp},
  howpublished = {Coursera Lecture Slides},
  year         = {2012},
  note         = {\url{https://www.cs.toronto.edu/~tijmen/csc321/slides/lecture_slides_lec6.pdf}},
}

@inproceedings{kingma2015adam,
  title     = {Adam: A Method for Stochastic Optimization},
  author    = {Kingma, Diederik P. and Ba, Jimmy},
  booktitle = {Proceedings of the 3rd International Conference on Learning Representations (ICLR)},
  year      = {2015},
  url       = {https://arxiv.org/abs/1412.6980},
}

@incollection{prechelt2012early,
  title     = {Early Stopping---But When?},
  author    = {Prechelt, Lutz},
  booktitle = {Neural Networks: Tricks of the Trade},
  series    = {Lecture Notes in Computer Science},
  volume    = {7700},
  pages     = {53--67},
  publisher = {Springer},
  address   = {Berlin, Heidelberg},
  year      = {2012},
  editor    = {Montavon, Grégoire and Orr, Geneviève B. and Müller, Klaus-Robert},
  doi       = {10.1007/978-3-642-35289-8\_5},
}

@article{srivastava2014dropout,
  title   = {Dropout: A Simple Way to Prevent Neural Networks from Overfitting},
  author  = {Srivastava, Nitish and Hinton, Geoffrey and Krizhevsky, Alex and Sutskever, Ilya and Salakhutdinov, Ruslan},
  journal = {Journal of Machine Learning Research},
  volume  = {15},
  number  = {56},
  pages   = {1929--1958},
  year    = {2014},
  url     = {http://jmlr.org/papers/v15/srivastava14a.html},
}

@inproceedings{ioffe2015batch,
  title     = {Batch Normalization: Accelerating Deep Network Training by Reducing Internal Covariate Shift},
  author    = {Ioffe, Sergey and Szegedy, Christian},
  booktitle = {Proceedings of the 32nd International Conference on Machine Learning},
  series    = {Proceedings of Machine Learning Research},
  volume    = {37},
  pages     = {448--456},
  publisher = {PMLR},
  address   = {Lille, France},
  year      = {2015},
  editor    = {Bach, Francis and Blei, David},
  url       = {http://proceedings.mlr.press/v37/ioffe15.html},
}


@article{hornik1989multilayer,
  title   = {Multilayer Feedforward Networks are Universal Approximators},
  author  = {Hornik, Kurt and Stinchcombe, Maxwell and White, Halbert},
  journal = {Neural Networks},
  volume  = {2},
  number  = {5},
  pages   = {359--366},
  year    = {1989},
  doi     = {10.1016/0893-6080(89)90020-8},
}

@article{rosenblatt1958perceptron,
  title   = {The Perceptron: A Probabilistic Model for Information Storage and Organization in the Brain},
  author  = {Rosenblatt, Frank},
  journal = {Psychological Review},
  volume  = {65},
  number  = {6},
  pages   = {386--408},
  year    = {1958},
  doi     = {10.1037/h0042519},
}


@article{rumelhart1986learning,
  title   = {Learning Representations by Back-Propagating Errors},
  author  = {Rumelhart, David E. and Hinton, Geoffrey E. and Williams, Ronald J.},
  journal = {Nature},
  volume  = {323},
  number  = {6088},
  pages   = {533--536},
  year    = {1986},
  doi     = {10.1038/323533a0},
}


@inproceedings{krizhevsky2012imagenet,
  title     = {ImageNet Classification with Deep Convolutional Neural Networks},
  author    = {Krizhevsky, Alex and Sutskever, Ilya and Hinton, Geoffrey E.},
  booktitle = {Advances in Neural Information Processing Systems},
  editor    = {F. Pereira and C. J. C. Burges and L. Bottou and K. Q. Weinberger},
  volume    = {25},
  pages     = {1097--1105},
  year      = {2012},
  url       = {https://papers.nips.cc/paper/2012/hash/c399862d3b9d6b76c8436e924a68c45b-Abstract.html},
}


@inproceedings{he2016deep,
  title     = {Deep Residual Learning for Image Recognition},
  author    = {He, Kaiming and Zhang, Xiangyu and Ren, Shaoqing and Sun, Jian},
  booktitle = {Proceedings of the IEEE Conference on Computer Vision and Pattern Recognition},
  pages     = {770--778},
  year      = {2016},
  doi       = {10.1109/CVPR.2016.90},
  url       = {https://ieeexplore.ieee.org/document/7780459},
}

@inproceedings{vaswani2017attention,
  title     = {Attention Is All You Need},
  author    = {Vaswani, Ashish and Shazeer, Noam and Parmar, Niki and Uszkoreit, Jakob and Jones, Llion and Gomez, Aidan N. and Kaiser, Lukasz and Polosukhin, Illia},
  booktitle = {Advances in Neural Information Processing Systems},
  editor    = {Guyon, Isabelle and von Luxburg, Ulrike and Bengio, Samy and Wallach, Hanna and Fergus, Rob and Vishwanathan, S. V. N. and Garnett, Roman},
  volume    = {30},
  pages     = {5998--6008},
  year      = {2017},
  url       = {https://papers.nips.cc/paper/7181-attention-is-all-you-need.pdf},
}

@article{brown2020language,
  title   = {Language Models are Few-Shot Learners},
  author  = {Brown, Tom B. and Mann, Benjamin and Ryder, Nick and Subbiah, Melanie and Kaplan, Jared and Dhariwal, Prafulla and Neelakantan, Arvind and Shyam, Pranav and Sastry, Girish and Askell, Amanda and Agarwal, Sandhini and Herbert-Voss, Ariel and Krueger, Gretchen and Henighan, Tom and Child, Rewon and Ramesh, Aditya and Ziegler, Daniel M. and Wu, Jeffrey and Winter, Clemens and Hesse, Christopher and Chen, Mark and Sigler, Eric and Litwin, Mateusz and Gray, Scott and Chess, Benjamin and Clark, Jack and Berner, Christopher and McCandlish, Sam and Radford, Alec and Sutskever, Ilya and Amodei, Dario},
  journal = {Advances in Neural Information Processing Systems},
  volume  = {33},
  pages   = {1877--1901},
  year    = {2020},
  url     = {https://proceedings.neurips.cc/paper/2020/file/1457c0d6bfcb4967418bfb8ac142f64a-Paper.pdf},
}

@article{CMS:2020poo,
    author = "Sirunyan, Albert M and others",
    collaboration = "CMS",
    title = "{Identification of heavy, energetic, hadronically decaying particles using machine-learning techniques}",
    eprint = "2004.08262",
    archivePrefix = "arXiv",
    primaryClass = "hep-ex",
    reportNumber = "CMS-JME-18-002, CERN-EP-2020-037",
    doi = "10.1088/1748-0221/15/06/P06005",
    journal = "JINST",
    volume = "15",
    number = "06",
    pages = "P06005",
    year = "2020"
}

@techreport{ATL-SOFT-PUB-2018-001,
      collaboration = "ATLAS",
      title         = "{Deep generative models for fast shower simulation in
                       ATLAS}",
      institution   = "CERN",
      reportNumber  = "ATL-SOFT-PUB-2018-001",
      address       = "Geneva",
      year          = "2018",
      url           = "https://cds.cern.ch/record/2630433",
}

@article{weng2018VAE,
  title   = "{From Autoencoder to Beta-VAE}",
  author  = "Weng, Lilian",
  journal = "lilianweng.github.io",
  year    = "2018",
  url     = "https://lilianweng.github.io/posts/2018-08-12-vae/"
}

@techreport{CMS-PAS-EXO-22-026,
      collaboration = "CMS",
      title         = "{Model-agnostic search for dijet resonances with anomalous
                       jet substructure in proton-proton collisions at $\sqrt{s}$ = 13 TeV}",
      institution   = "CERN",
      reportNumber  = "CMS-PAS-EXO-22-026",
      address       = "Geneva",
      year          = "2024",
      url           = "https://cds.cern.ch/record/2892677",
}

@misc{CMS-DP-2023-079,
    collaboration = "CMS",
    title         = "{Anomaly Detection in the CMS Global Trigger Test Crate
                    for Run 3}",
    year          = "2023",
    url           = "https://cds.cern.ch/record/2876546",
}

@misc{CMS-DP-2024-059,
      collaboration = "CMS",
      title         = "{2024 Data Collected with AXOL1TL Anomaly Detection at the
                       CMS Level-1 Trigger}",
      year          = "2024",
      url           = "https://cds.cern.ch/record/2904695",
}

@article{weng2021diffusion,
  title   = "{What are diffusion models?}",
  author  = "Weng, Lilian",
  journal = "lilianweng.github.io",
  year    = "2021",
  month   = "Jul",
  url     = "https://lilianweng.github.io/posts/2021-07-11-diffusion-models/"
}

@article{Krause:2021ilc,
    author = "Krause, Claudius and Shih, David",
    title = "{Fast and accurate simulations of calorimeter showers with normalizing flows}",
    eprint = "2106.05285",
    archivePrefix = "arXiv",
    primaryClass = "physics.ins-det",
    doi = "10.1103/PhysRevD.107.113003",
    journal = "Phys. Rev. D",
    volume = "107",
    number = "11",
    pages = "113003",
    year = "2023"
}

@inproceedings{dinh2017density,
  title={Density estimation using Real NVP},
  author={Laurent Dinh and Jascha Sohl-Dickstein and Samy Bengio},
  booktitle={International Conference on Learning Representations},
  year={2017},
  url={https://openreview.net/forum?id=HkpbnH9lx}
}

@inproceedings{kingma2018glow,
  title     = "{Glow: Generative Flow with Invertible $1 \times 1$ Convolutions}",
  author    = {Kingma, Diederik P. and Dhariwal, Prafulla},
  booktitle = {Advances in Neural Information Processing Systems},
  volume    = {31},
  pages     = {10215--10224},
  year      = {2018},
  url       = {https://proceedings.neurips.cc/paper/2018/hash/d139db6a236200b21cc7f752979132d0-Abstract.html},
}

@misc{hawley2024flow,
  author = {Scott H. Hawley},
  title = {Flow With What You Know},
  year = {2024},
  url = {https://drscotthawley.github.io/blog/posts/FlowModels.html},
  note = {Online; accessed 2024-11-26}
}

@misc{fjelde2024flow,
  author       = {Tor Fjelde and Emile Mathieu and Vincent Dutordoir},
  title        = {An Introduction to Flow Matching},
  year         = {2024},
  month        = {January},
  day          = {20},
  url          = {https://mlg.eng.cam.ac.uk/blog/2024/01/20/flow-matching.html},
  note         = {Online; accessed 2024-11-26}
}

@inproceedings{liu2023flow,
title={Flow Straight and Fast: Learning to Generate and Transfer Data with Rectified Flow},
author={Xingchao Liu and Chengyue Gong and qiang liu},
booktitle={The Eleventh International Conference on Learning Representations },
year={2023},
url={https://openreview.net/forum?id=XVjTT1nw5z}
}

@inproceedings{lee2024improving,
title={Improving the Training of Rectified Flows},
author={Sangyun Lee and Zinan Lin and Giulia Fanti},
booktitle={The Thirty-eighth Annual Conference on Neural Information Processing Systems},
year={2024},
url={https://openreview.net/forum?id=mSHs6C7Nfa}
}

@article{Orzari_2023,
   title={LHC hadronic jet generation using convolutional variational autoencoders with normalizing flows},
   volume={4},
   ISSN={2632-2153},
   url={http://dx.doi.org/10.1088/2632-2153/ad04ea},
   DOI={10.1088/2632-2153/ad04ea},
   number={4},
   journal={Machine Learning: Science and Technology},
   publisher={IOP Publishing},
   author={Orzari, Breno and Chernyavskaya, Nadezda and Cobe, Raphael and Duarte, Javier and Fialho, Jefferson and Gunopulos, Dimitrios and Kansal, Raghav and Pierini, Maurizio and Tomei, Thiago and Touranakou, Mary},
   year={2023},
   month=oct, pages={045023}
}

@inproceedings{salimans2016improved,
  title     = {Improved Techniques for Training {GANs}},
  author    = {Tim Salimans and Ian Goodfellow and Wojciech Zaremba and Vicki Cheung and Alec Radford and Xi Chen},
  booktitle = {Advances in Neural Information Processing Systems},
  volume    = {29},
  year      = {2016},
  url       = {https://proceedings.neurips.cc/paper/2016/file/8a3363abe792db2d8761d6403605aeb7-Paper.pdf}
}

@inproceedings{arjovsky2017towards,
  title     = {Towards Principled Methods for Training Generative Adversarial Networks},
  author    = {Martin Arjovsky and L{\'e}on Bottou},
  booktitle = {International Conference on Learning Representations},
  year      = {2017},
  url       = {https://openreview.net/forum?id=Hk4_qw5xe}
}

@inproceedings{mescheder2018training,
  title     = {Which Training Methods for {GANs} do actually Converge?},
  author    = {Lars Mescheder and Andreas Geiger and Sebastian Nowozin},
  booktitle = {Proceedings of the 35th International Conference on Machine Learning},
  volume    = {80},
  pages     = {3481--3490},
  year      = {2018},
  url       = {https://proceedings.mlr.press/v80/mescheder18a.html}
}


@inproceedings{ho2020denoising,
  title     = {Denoising Diffusion Probabilistic Models},
  author    = {Jonathan Ho and Ajay Jain and Pieter Abbeel},
  booktitle = {Advances in Neural Information Processing Systems},
  volume    = {33},
  pages     = {6840--6851},
  year      = {2020},
  url       = {https://proceedings.neurips.cc/paper/2020/hash/4c5bcfec8584af0d967f1ab10179ca4b-Abstract.html}
}

@inproceedings{ho2020emergence,
  title     = {The Emergence of Objectness: Learning Zero-Shot Segmentation from Videos},
  author    = {Jonathan Ho and Nal Kalchbrenner and Dirk Weissenborn and Tim Salimans},
  booktitle = {Proceedings of the 34th Conference on Neural Information Processing Systems},
  year      = {2020},
  url       = {https://arxiv.org/abs/2006.11275}
}

@inproceedings{dhariwal2021diffusion,
  title     = {Diffusion Models Beat {GANs} on Image Synthesis},
  author    = {Prafulla Dhariwal and Alex Nichol},
  booktitle = {Advances in Neural Information Processing Systems},
  volume    = {34},
  pages     = {8780--8794},
  year      = {2021},
  url       = {https://proceedings.neurips.cc/paper/2021/hash/49ad23d1ec9fa4bd8d77d02681df5cfa-Abstract.html}
}

@inproceedings{karras2019style,
  title     = {A Style-Based Generator Architecture for Generative Adversarial Networks},
  author    = {Tero Karras and Samuli Laine and Timo Aila},
  booktitle = {Proceedings of the IEEE/CVF Conference on Computer Vision and Pattern Recognition (CVPR)},
  pages     = {4401--4410},
  year      = {2019},
  url       = {https://openaccess.thecvf.com/content_CVPR_2019/html/Karras_A_Style-Based_Generator_Architecture_for_Generative_Adversarial_Networks_CVPR_2019_paper.html}
}

@inproceedings{brock2019large,
  title     = {Large Scale {GAN} Training for High Fidelity Natural Image Synthesis},
  author    = {Andrew Brock and Jeff Donahue and Karen Simonyan},
  booktitle = {International Conference on Learning Representations (ICLR)},
  year      = {2019},
  url       = {https://openreview.net/forum?id=B1xsqj09Fm}
}

@inproceedings{karras2020analyzing,
  title     = {Analyzing and Improving the Image Quality of {StyleGAN}},
  author    = {Tero Karras and Samuli Laine and Miika Aittala and Janne Hellsten and Jaakko Lehtinen and Timo Aila},
  booktitle = {Proceedings of the IEEE/CVF Conference on Computer Vision and Pattern Recognition (CVPR)},
  pages     = {8110--8119},
  year      = {2020},
  url       = {https://openaccess.thecvf.com/content_CVPR_2020/html/Karras_Analyzing_and_Improving_the_Image_Quality_of_StyleGAN_CVPR_2020_paper.html}
}

@inproceedings{song2021score,
  title     = {Score-Based Generative Modeling through Stochastic Differential Equations},
  author    = {Yang Song and Jascha Sohl-Dickstein and Diederik P. Kingma and Abhishek Kumar and Stefano Ermon and Ben Poole},
  booktitle = {International Conference on Learning Representations},
  year      = {2021},
  url       = {https://arxiv.org/abs/2011.13456}
}


@article{DBLP:journals/corr/GadelhaMW17,
  author       = {Matheus Gadelha and
                  Subhransu Maji and
                  Rui Wang},
  title        = {Shape Generation using Spatially Partitioned Point Clouds},
  journal      = {CoRR},
  volume       = {abs/1707.06267},
  year         = {2017},
  url          = {http://arxiv.org/abs/1707.06267},
  eprinttype    = {arXiv},
  eprint       = {1707.06267},
  timestamp    = {Mon, 13 Aug 2018 16:46:35 +0200},
  biburl       = {https://dblp.org/rec/journals/corr/GadelhaMW17.bib},
  bibsource    = {dblp computer science bibliography, https://dblp.org}
}

@article{cortes1995support,
  title     = {Support-Vector Networks},
  author    = {Corinna Cortes and Vladimir Vapnik},
  journal   = {Machine Learning},
  volume    = {20},
  number    = {3},
  pages     = {273--297},
  year      = {1995},
  publisher = {Springer},
  url       = {https://doi.org/10.1007/BF00994018}
}

@book{breiman1984classification,
  title     = {Classification and Regression Trees},
  author    = {Leo Breiman and Jerome H. Friedman and Richard A. Olshen and Charles J. Stone},
  year      = {1984},
  publisher = {Wadsworth International Group},
  isbn      = {9780412048418},
  url       = {https://www.crcpress.com/Classification-and-Regression-Trees/Breiman-Friedman-Olshen-Stone/p/book/9780412048418}
}

@misc{enwiki:1259353735,
    author = "{Wikipedia contributors}",
    title = "Type I and type II errors --- {Wikipedia}{,} The Free Encyclopedia",
    year = "2024",
    url = "https://en.wikipedia.org/w/index.php?title=Type_I_and_type_II_errors&oldid=1259353735",
    note = "[Online; accessed 7-December-2024]"
}

@misc{ enwiki:1253018821,
    author = "{Wikipedia contributors}",
    title = "Informant (statistics) --- {Wikipedia}{,} The Free Encyclopedia",
    year = "2024",
    url = "https://en.wikipedia.org/w/index.php?title=Informant_(statistics)&oldid=1253018821",
    note = "[Online; accessed 7-December-2024]"
  }

@misc{ enwiki:1257009135,
  author = "{Wikipedia contributors}",
  title = "Central limit theorem --- {Wikipedia}{,} The Free Encyclopedia",
  year = "2024",
  howpublished = "\url{https://en.wikipedia.org/w/index.php?title=Central_limit_theorem&oldid=1257009135}",
  note = "[Online; accessed 7-December-2024]"
}

@misc{ enwiki:1256071749,
    author = "{Wikipedia contributors}",
    title = "Law of large numbers --- {Wikipedia}{,} The Free Encyclopedia",
    year = "2024",
    howpublished = "\url{https://en.wikipedia.org/w/index.php?title=Law_of_large_numbers&oldid=1256071749}",
    note = "[Online; accessed 7-December-2024]"
}

@misc{gundersen_asymptotic_2019,
  author       = {Gundersen, Gregory},
  title        = "{Asymptotic Normality of MLE}",
  howpublished = {\url{https://gregorygundersen.com/blog/2019/11/28/asymptotic-normality-mle/}},
  note         = "[Online; accessed 7-December-2024]",
  month        = nov,
  year         = {2019}
}

@misc{ enwiki:1256854724,
    author = "{Wikipedia contributors}",
    title = "Noncentral chi-squared distribution --- {Wikipedia}{,} The Free Encyclopedia",
    year = "2024",
    url = "https://en.wikipedia.org/w/index.php?title=Noncentral_chi-squared_distribution&oldid=1256854724",
    note = "[Online; accessed 7-December-2024]"
  }
