@unpublished{cousins_gof,
    author = {Robert D. Cousins},
    year = {2016},
    title = {On Goodness--of--Fit Tests},
    url = {https://www.physics.ucla.edu/~cousins/stats/ongoodness6march2016.pdf},
    note = "\href{https://www.physics.ucla.edu/~cousins/stats/ongoodness6march2016.pdf}{https://www.physics.ucla.edu/\string~cousins/ stats/ongoodness6march2016.pdf}",
}


@article{Baker:1983tu,
    author = "Baker, Steve and Cousins, Robert D.",
    title = "{Clarification of the Use of Chi Square and Likelihood Functions in Fits to Histograms}",
    reportNumber = "UCLA-HEP-83-3",
    doi = "10.1016/0167-5087(84)90016-4",
    journal = "Nucl. Instrum. Meth.",
    volume = "221",
    pages = "437",
    year = "1984"
}

@unpublished{generalization_gof,
    author = "Cousins, Robert D.",
    title = {Generalization of Chisquare Goodness-of-Fit Test for Binned Data Using Saturated Models, with Application to Histograms},
    url = {http://www.physics.ucla.edu/~cousins/stats/cousins_saturated.pdf},
    note = "\url{http://www.physics.ucla.edu/~cousins/stats/cousins_saturated.pdf}",
    year = "2013",
}

@book{parametric,
author = "J. K. Lindsey",
title = "Parametric Statistical Inference",
publisher = "Clarendon Press",
year= "1996",
isbn = "9780198523598",
}


@inproceedings{Kansal:2021cqp,
 author = {Kansal, Raghav and Duarte, Javier and Su, Hao and Orzari, Breno and Tomei, Thiago and Pierini, Maurizio and Touranakou, Mary and Vlimant, Jean-Roch and Gunopulos, Dimitrios},
 booktitle = {Advances in Neural Information Processing Systems},
 editor = {M. Ranzato and others},
 pages = {23858},
 publisher = {Curran Associates, Inc.},
 address = {Red Hook, NY},
 title = {Particle Cloud Generation with Message Passing Generative Adversarial Networks},
 URL = {https://papers.nips.cc/paper/2021/hash/c8512d142a2d849725f31a9a7a361ab9-Abstract.html},
 volume = {34},
 year = {2021},
 archivePrefix={arXiv},
 eprint = {2106.11535},
}
 % note ={\url{https://proceedings.neurips.cc/paper/2021/file/c8512d142a2d849725f31a9a7a361ab9-Paper.pdf}}

@article{Paganini:2017dwg,
    author = "Paganini, Michela and de Oliveira, Luke and Nachman, Benjamin",
    title = "{CaloGAN : Simulating 3D high energy particle showers in multilayer electromagnetic calorimeters with generative adversarial networks}",
    eprint = "1712.10321",
    archivePrefix = "arXiv",
    primaryClassRemove = "hep-ex",
    doi = "10.1103/PhysRevD.97.014021",
    journal = "Phys. Rev. D",
    volume = "97",
    pages = "014021",
    year = "2018"
}

@techreport{CMS:2815292,
      author        = "{CMS Offline Software and Computing}",
      title         = "{CMS Phase-2 Computing Model: Update Document}",
      number  = "CMS-NOTE-2022-008",
      type = {{CMS Note}},
      year          = "2022",
      url           = "https://cds.cern.ch/record/2815292",
      note = "\href{https://cds.cern.ch/record/2815292}{https://cds.cern.ch/record/2815292}"
}

@book{HL-LHC,
    editor = {Br\"uning, Oliver and Rossi, Lucio},
    title = "{The High Luminosity Large Hadron Collider}: {The new machine for illuminating the mysteries of Universe}",
    doi = "10.1142/9581",
    isbn = "978-981-4675-46-8, 978-981-4678-14-8",
    volume = "24",
    year = "2015",
	publisher = {World Scientific},
}

@inproceedings{HEPSoftwareFoundation:2020daq,
    author = "{HEP Software Foundation}",
    title = "{HL-LHC Computing Review: Common Tools and Community Software}",
    booktitle = {2022 Snowmass Summer Study},
    eprint = "2008.13636",
    archivePrefix = "arXiv",
    primaryClassRemove = "physics.comp-ph",
    reportNumber = "HSF-DOC-2020-01",
    doi = "10.5281/zenodo.4009114",
    year = "2020"
}


@techreport{ATLAS_HLLHC,
      author        = "{ATLAS Collaboration}",
      type = "{LHCC Public Document}",
      title         = "{ATLAS Software and Computing HL-LHC Roadmap}",
      number  = "CERN-LHCC-2022-005, LHCC-G-182",
      year          = "2022",
      url           = "http://cds.cern.ch/record/2802918",
      note = "\href{http://cds.cern.ch/record/2802918}{http://cds.cern.ch/record/2802918}"
}

@article{geant4,
  author        = "{GEANT4 Collaboration}",
  doi           = {10.1016/S0168-9002(03)01368-8},
  journal       = {Nucl. Instrum. Meth. A},
  pages         = {250},
  slaccitation  = {%%CITATION = NUIMA,A506,250;%%},
  title         = {{GEANT4}---a simulation toolkit},
  volume        = {506},
  year          = {2003}
}


@article{muller_ipms,
 ISSN = {00018678},
 doi = {10.2307/1428011},
 author = {Alfred M\"{u}ller},
 journal = {Adv. Appl. Probab.},
 pages = {429},
 title = {Integral Probability Metrics and Their Generating Classes of Functions},
 volume = {29},
 year = {1997}
}

@article{black_box,
author = {Guidotti, Riccardo and Monreale, Anna and Ruggieri, Salvatore and Turini, Franco and Giannotti, Fosca and Pedreschi, Dino},
title = {A Survey of Methods for Explaining Black Box Models},
year = {2018},
eprint = {1802.01933},
volume = {51},
issn = {0360-0300},
doi = {10.1145/3236009},
journal = {ACM Comput. Surv.},
articleno = {93},
}

@inproceedings{mmd,
	author = {Gretton, Arthur and Borgwardt, Karsten and Rasch, Malte and Sch\"{o}lkopf, Bernhard and Smola, Alex},
	booktitle = {Advances in Neural Information Processing Systems},
	editor = {B. Sch\"{o}lkopf and J. Platt and T. Hoffman},
	publisher = {MIT Press},
	title = {A Kernel Method for the Two-Sample-Problem},
	url = {https://papers.nips.cc/paper_files/paper/2006/hash/e9fb2eda3d9c55a0d89c98d6c54b5b3e-Abstract.html},
	volume = {19},
	year = {2006},
	eprint = {0805.2368},
}


@article{gretton_mmd,
author = {Gretton, Arthur and Borgwardt, Karsten M. and Rasch, Malte J. and Sch\"{o}lkopf, Bernhard and Smola, Alexander},
title = {A Kernel Two-Sample Test},
year = {2012},
publisher = {JMLR, Inc.},
volume = {13},
issn = {1532-4435},
pages = {723},
  journal = {J. Mach. Learn. Res.},
  number  = {25},
  url     = {http://jmlr.org/papers/v13/gretton12a.html}
}

@incollection{Butter:2020tvl,
    author = "Butter, Anja and Plehn, Tilman",
    title = "{Generative Networks for LHC events}",
    eprint = "2008.08558",
    archivePrefix = "arXiv",
    primaryClassRemove = "hep-ph",
    year = "2022",
booktitle = {Artificial Intelligence for High Energy Physics},
pages = {191},
doi = {10.1142/9789811234033_0007},
  editor            = {Paolo Calafiura and David Rousseau and Kazuhiro Terao},
  publisher = {World Scientific}
}

@unpublished{Hashemi:2019fkn,
    author = "Hashemi, Bobak and Amin, Nick and Datta, Kaustuv and Olivito, Dominick and Pierini, Maurizio",
    title = "{LHC analysis-specific datasets with Generative Adversarial Networks}",
    eprint = "1901.05282",
    archivePrefix = "arXiv",
    primaryClassRemove = "hep-ex",
    year = "2019"
}
@article{Carrazza:2019cnt,
    author = "Carrazza, Stefano and Dreyer, Fr\'ed\'eric A.",
    title = "{Lund jet images from generative and cycle-consistent adversarial networks}",
    eprint = "1909.01359",
    archivePrefix = "arXiv",
    primaryClassRemove = "hep-ph",
    reportNumber = "OUTP-19-09P, TIF-UNIMI-2019-14",
    doi = "10.1140/epjc/s10052-019-7501-1",
    journal = "Eur. Phys. J. C",
    volume = "79",
    pages = "979",
    year = "2019"
}
@article{DiSipio:2019imz,
    author = "Di Sipio, Riccardo and Faucci Giannelli, Michele and Ketabchi Haghighat, Sana and Palazzo, Serena",
    title = "{DijetGAN: A Generative-Adversarial Network Approach for the Simulation of QCD Dijet Events at the LHC}",
    eprint = "1903.02433",
    archivePrefix = "arXiv",
    primaryClassRemove = "hep-ex",
    doi = "10.1007/JHEP08(2019)110",
    journal = "JHEP",
    volume = "08",
    pages = "110",
    year = "2019"
}
@article{Gao:2020zvv,
    author = {Gao, Christina and H{\"{o}}che, Stefan and Isaacson, Joshua and Krause, Claudius and Schulz, Holger},
    title = "{Event Generation with Normalizing Flows}",
    eprint = "2001.10028",
    archivePrefix = "arXiv",
    primaryClassRemove = "hep-ph",
    reportNumber = "FERMILAB-PUB-20-009-SCD-T, MCNET-20-03",
    doi = "10.1103/PhysRevD.101.076002",
    journal = "Phys. Rev. D",
    volume = "101",
    pages = "076002",
    year = "2020"
}

@inproceedings{Alanazi:2021grv,
    author = "Alanazi, Yasir and Sato, N. and Ambrozewicz, Pawel and Blin, Astrid N. Hiller and Melnitchouk, W. and Battaglieri, Marco and Liu, Tianbo and Li, Yaohang",
    title = "{A survey of machine learning-based physics event generation}",
    booktitle = "Proceedings of the Thirtieth International Joint Conference on Artificial Intelligence",
    eprint = "2106.00643",
    archivePrefix = "arXiv",
    primaryClassRemove = "hep-ph",
    reportNumber = "JLAB-THY-21-3385",
    doi = "10.24963/ijcai.2021/588",
    year = "2021"
}
@article{Butter:2019cae,
    author = "Butter, Anja and Plehn, Tilman and Winterhalder, Ramon",
    title = "{How to GAN LHC Events}",
    eprint = "1907.03764",
    archivePrefix = "arXiv",
    primaryClassRemove = "hep-ph",
    doi = "10.21468/SciPostPhys.7.6.075",
    journal = "SciPost Phys.",
    volume = "7",
    pages = "075",
    year = "2019"
}
@article{deOliveira:2017pjk,
    author = "de Oliveira, Luke and Paganini, Michela and Nachman, Benjamin",
    title = "{Learning Particle Physics by Example: Location-Aware Generative Adversarial Networks for Physics Synthesis}",
    eprint = "1701.05927",
    archivePrefix = "arXiv",
    primaryClassRemove = "stat.ML",
    doi = "10.1007/s41781-017-0004-6",
    journal = "Comput. Softw. Big Sci.",
    volume = "1",
    pages = "4",
    year = "2017"
}
@article{Belayneh:2019vyx,
    author = "Belayneh, Dawit and others",
    title = "{Calorimetry with deep learning: particle simulation and reconstruction for collider physics}",
    eprint = "1912.06794",
    archivePrefix = "arXiv",
    primaryClassRemove = "physics.ins-det",
    reportNumber = "FERMILAB-PUB-20-448-CMS",
    doi = "10.1140/epjc/s10052-020-8251-9",
    journal = "Eur. Phys. J. C",
    volume = "80",
    pages = "688",
    year = "2020"
}
@article{Carminati:2020kym,
    author = "Carminati, Federico and Khattak, Gulrukh and Loncar, Vladimir and Nguyen, Thong Q. and Pierini, Maurizio and Brito Da Rocha, Ricardo and Samaras-Tsakiris, Konstantinos and Vallecorsa, Sofia and Vlimant, Jean-Roch",
    title = "{Generative Adversarial Networks for fast simulation}",
    doi = "10.1088/1742-6596/1525/1/012064",
    journal = "J. Phys. Conf. Ser.",
    volume = "1525",
    pages = "012064",
    year = "2020"
}

@article{Bieringer:2022cbs,
    author = "Bieringer, Sebastian and Butter, Anja and Diefenbacher, Sascha and Eren, Engin and Gaede, Frank and Hundhausen, Daniel and Kasieczka, Gregor and Nachman, Benjamin and Plehn, Tilman and Trabs, Mathias",
    title = "{Calomplification \textemdash{} the power of generative calorimeter models}",
    eprint = "2202.07352",
    archivePrefix = "arXiv",
    primaryClassRemove = "hep-ph",
    reportNumber = "DESY-22-031",
    doi = "10.1088/1748-0221/17/09/P09028",
    journal = "JINST",
    volume = "17",
    pages = "P09028",
    year = "2022"
}

@article{Buhmann:2021caf,
    author = {Buhmann, Erik and Diefenbacher, Sascha and Hundhausen, Daniel and Kasieczka, Gregor and Korcari, William and Eren, Engin and Gaede, Frank and Kr\"uger, Katja and McKeown, Peter and Rustige, Lennart},
    title = "{Hadrons, better, faster, stronger}",
    eprint = "2112.09709",
    archivePrefix = "arXiv",
    primaryClassRemove = "physics.ins-det",
    reportNumber = "DESY-21-220",
    doi = "10.1088/2632-2153/ac7848",
    journal = "Mach. Learn. Sci. Tech.",
    volume = "3",
    pages = "025014",
    year = "2022"
}

@article{Touranakou:2022qrp,
    author = "Touranakou, Mary and Chernyavskaya, Nadezda and Duarte, Javier and Gunopulos, Dimitrios and Kansal, Raghav and Orzari, Breno and Pierini, Maurizio and Tomei, Thiago and Vlimant, Jean-Roch",
    title = "{Particle-based fast jet simulation at the LHC with variational autoencoders}",
    eprint = "2203.00520",
    archivePrefix = "arXiv",
    primaryClassRemove = "physics.comp-ph",
    doi = "10.1088/2632-2153/ac7c56",
    journal = "Mach. Learn. Sci. Tech.",
    volume = "3",
    pages = "035003",
    year = "2022"
}

@article{Paganini:2017hrr,
    author = "Paganini, Michela and de Oliveira, Luke and Nachman, Benjamin",
    title = "{Accelerating Science with Generative Adversarial Networks: An Application to 3D Particle Showers in Multilayer Calorimeters}",
    eprint = "1705.02355",
    archivePrefix = "arXiv",
    primaryClassRemove = "hep-ex",
    doi = "10.1103/PhysRevLett.120.042003",
    journal = "Phys. Rev. Lett.",
    volume = "120",
    pages = "042003",
    year = "2018"
}

@article{Mikuni:2022xry,
    author = "Mikuni, Vinicius and Nachman, Benjamin",
    title = "{Score-based generative models for calorimeter shower simulation}",
    eprint = "2206.11898",
    archivePrefix = "arXiv",
    primaryClassRemove = "hep-ph",
    doi = "10.1103/PhysRevD.106.092009",
    journal = "Phys. Rev. D",
    volume = "106",
    number = "9",
    pages = "092009",
    year = "2022"
}

@article{rizzo_energydist,
    author = {Rizzo, Maria L. and Székely, G\'{a}ßbor J.},
    title = {Energy distance},
    journal = {Wiley Interdiscip. Rev. Comput. Stat.},
    volume = {8},
    pages = {27},
    doi = {10.1002/wics.1375},
    year = {2016}
}

@article{sriperumbudur_empirical,
author = {Bharath K. Sriperumbudur and Kenji Fukumizu and Arthur Gretton and Bernhard Sch{\"o}lkopf and Gert R. G. Lanckriet},
title = {{On the empirical estimation of integral probability metrics}},
volume = {6},
journal = {Electron. J. Stat.},
pages = {1550},
year = {2012},
doi = {10.1214/12-EJS722},
}

@unpublished{sriperumbudur_ipms,
   eprint = {0901.2698},
  author = {Sriperumbudur, Bharath K. and Fukumizu, Kenji and Gretton, Arthur and Sch\"{o}lkopf, Bernhard and Lanckriet, Gert R. G.},
  title = {On integral probability metrics, $\phi$-divergences and binary classification},
  archivePrefix = {arXiv},
}

@Article{ramdas_wasserstein,
AUTHOR = {Ramdas, Aaditya and Trillos, Nicol\'{a}s García and Cuturi, Marco},
TITLE = {On Wasserstein Two-Sample Testing and Related Families of Nonparametric Tests},
JOURNAL = {Entropy},
VOLUME = {19},
YEAR = {2017},
pages = {47},
ISSN = {1099-4300},
DOI = {10.3390/e19020047}
}

@inproceedings{TTUR,
title = {{GANs} Trained by a Two Time-Scale Update Rule Converge to a Local Nash Equilibrium},
author = {Heusel, Martin and Ramsauer, Hubert and Unterthiner, Thomas and Nessler, Bernhard and Hochreiter, Sepp},
booktitle = {Advances in Neural Information Processing Systems},
editor = {I. Guyon and U. V. Luxburg and S. Bengio and H. Wallach and R. Fergus and S. Vishwanathan and R. Garnett},
pages = {6626},
volume = {30},
year = {2017},
publisher = {Curran Associates, Inc.},
address = {Red Hook, NY},
url = {https://papers.nips.cc/paper_files/paper/2017/hash/8a1d694707eb0fefe65871369074926d-Abstract.html},
archivePrefix = {arXiv},
eprint = "1706.08500",
}

@inproceedings{binkowski_demystifying,
title={Demystifying {MMD} {GAN}s},
author={Mikołaj Bi{\'{n}}kowski and Dougal J. Sutherland and Michael Arbel and Arthur Gretton},
booktitle={International Conference on Learning Representations},
year={2018},
url={https://openreview.net/forum?id=r1lUOzWCW},
}

@InProceedings{chong_unbiasedfid,
archivePrefix = {arXiv},
author = {Chong, Min Jin and Forsyth, David},
title = {Effectively Unbiased {FID} and {Inception} Score and Where to Find Them},
booktitle = {Proceedings of the IEEE/CVF Conference on Computer Vision and Pattern Recognition (CVPR)},
year = {2020},
doi = {10.1109/CVPR42600.2020.00611},
eprint = {1911.07023}
}


@InProceedings{liu_deepkernels,
  title = 	 {Learning Deep Kernels for Non-Parametric Two-Sample Tests},
  author =       {Liu, Feng and Xu, Wenkai and Lu, Jie and Zhang, Guangquan and Gretton, Arthur and Sutherland, Danica J.},
  booktitle = 	 {Proceedings of the 37th International Conference on Machine Learning},
  pages = 	 {6316--6326},
  year = 	 {2020},
  editor = 	 {III, Hal Daumé and Singh, Aarti},
  volume = 	 {119},
  series = 	 {Proceedings of Machine Learning Research},
  month = 	 {13--18 Jul},
  publisher =    {PMLR},
  pdf = 	 {http://proceedings.mlr.press/v119/liu20m/liu20m.pdf},
  url = 	 {https://proceedings.mlr.press/v119/liu20m.html},
}


@article{sriperumbudur_rkhs,
author = {Sriperumbudur, Bharath K. and Gretton, Arthur and Fukumizu, Kenji and Sch{\"o}lkopf, Bernhard and Lanckriet, Gert R.G.},
title = {Hilbert Space Embeddings and Metrics on Probability Measures},
year = {2010},
issue_date = {3/1/2010},
publisher = {JMLR, Inc.},
volume = {11},
issn = {1532-4435},
journal = {J. Mach. Learn. Res.},
pages = {1517},
  url     = {http://jmlr.org/papers/v11/sriperumbudur10a.html}
}

@inproceedings{Butter:2022rso,
    author = "Badger, Simon and others",
    editor = "Butter, Anja and Plehn, Tilman and Schumann, Steffen",
    title = "{Machine Learning and LHC Event Generation}",
    eprint = "2203.07460",
    archivePrefix = "arXiv",
    primaryClassRemove = "hep-ph",
    reportNumber = "FERMILAB-PUB-22-126-T",
    month = "3",
    year = "2022",
    booktitle = {2022 Snowmass Summer Study}
}

@inproceedings{kynkaanniemi_pr,
	author = {Kynk\"{a}\"{a}nniemi, Tuomas and Karras, Tero and Laine, Samuli and Lehtinen, Jaakko and Aila, Timo},
	eprint = {1904.06991},
	booktitle = {Advances in Neural Information Processing Systems},
	editor = {H. Wallach and H. Larochelle and A. Beygelzimer and F. d\textquotesingle Alch\'{e}-Buc and E. Fox and R. Garnett},
	publisher = {Curran Associates, Inc.},
    address = {Red Hook, NY},
	title = {Improved Precision and Recall Metric for Assessing Generative Models},
	url = {https://proceedings.neurips.cc/paper/2019/file/0234c510bc6d908b28c70ff313743079-Paper.pdf},
	volume = {32},
	year = {2019},
	bdsk-url-1 = {https://proceedings.neurips.cc/paper/2019/file/0234c510bc6d908b28c70ff313743079-Paper.pdf}
}


@InProceedings{naeem_dc,
  title = 	 {Reliable Fidelity and Diversity Metrics for Generative Models},
  author =       {Naeem, Muhammad Ferjad and Oh, Seong Joon and Uh, Youngjung and Choi, Yunjey and Yoo, Jaejun},
  booktitle = 	 {Proceedings of the 37th International Conference on Machine Learning},
  pages = 	 {7176--7185},
  year = 	 {2020},
  editor = 	 {III, Hal Daumé and Singh, Aarti},
  volume = 	 {119},
  series = 	 {Proceedings of Machine Learning Research},
  month = 	 {13--18 Jul},
  publisher =    {PMLR},
  pdf = 	 {http://proceedings.mlr.press/v119/naeem20a/naeem20a.pdf},
  url = 	 {https://proceedings.mlr.press/v119/naeem20a.html},
}


@inproceedings{friedman_gof,
    author = "Friedman, Jerome H.",
    editor = "Lyons, L. and Mount, R. P. and Reitmeyer, R.",
    title = "{On multivariate goodness of fit and two sample testing}",
    publisher = "{SLAC}",
    address = "{Stanford, CA}",
    reportNumber = "SLAC-PUB-10325, PHYSTAT-2003-THPD002",
    journal = "eConf",
    volume = "C030908",
    pages = "THPD002",
    year = "2003",
    booktitle = {{PHYSTAT 2003}},
    page = {311},
    url = {https://www.slac.stanford.edu/econf/C030908/papers/THPD002.pdf},
}

@inproceedings{lopez_paz_c2st,
    title={Revisiting Classifier Two-Sample Tests},
    author={David Lopez-Paz and Maxime Oquab},
    booktitle={International Conference on Learning Representations},
    year={2017},
    url={https://openreview.net/forum?id=SJkXfE5xx}
}


@unpublished{krause_caloflow,
    author = "Krause, Claudius and Shih, David",
    title = "{CaloFlow: Fast and Accurate Generation of Calorimeter Showers with Normalizing Flows}",
    eprint = "2106.05285",
    archivePrefix = "arXiv",
    primaryClassRemove = "physics.ins-det",
    year = "2021",
}

@inbook{wasserstein_book,
	address = {Berlin, Heidelberg},
	author = {Villani, C\'{e}dric},
	booktitle = {Optimal Transport: Old and New},
	doi = {10.1007/978-3-540-71050-9_6},
	pages = {93},
	publisher = {Springer Berlin Heidelberg},
	title = {The Wasserstein distances},
	year = {2009},
}

@article{kl,
	author = {S. Kullback and R. A. Leibler},
	doi = {10.1214/aoms/1177729694},
	journal = {Ann. Stat.},
	pages = {79},
	title = {{On Information and Sufficiency}},
	volume = {22},
	year = {1951},
}

@article{pearson,
	author = {Karl Pearson},
	doi = {10.1080/14786440009463897},
	journal = {Lond. Edinb. Dublin Philos. Mag. J. Sci.},
	pages = {157},
	title = {On the criterion that a given system of deviations from the probable in the case of a correlated system of variables is such that it can be reasonably supposed to have arisen from random sampling},
	volume = {50},
	year = {1900},
	}

@article{wasserstein_original,
 author = {L. V. Kantorovich},
 journal = {Manage. Sci.},
 pages = {366},
 title = {Mathematical Methods of Organizing and Planning Production},
 volume = {6},
 year = {1960}
}

@ARTICLE{js_1,
author={Lin, J.},
journal={IEEE Trans Inf. Theory},
title={Divergence measures based on the Shannon entropy},
year={1991},
volume={37},
number={1},
pages={145},
doi={10.1109/18.61115}
}

@ARTICLE{js_2,
author={Wong, Andrew K. C. and You, Manlai},
journal={IEEE Trans. Pattern Anal. Mach. Intell.},
title={Entropy and Distance of Random Graphs with Application to Structural Pattern Recognition},
year={1985},
volume={7},
pages={599},
doi={10.1109/TPAMI.1985.4767707}
}

@INPROCEEDINGS{inception_v3,
author={Szegedy, Christian and Vanhoucke, Vincent and Ioffe, Sergey and Shlens, Jon and Wojna, Zbigniew},
booktitle={2016 IEEE Conference on Computer Vision and Pattern Recognition (CVPR)},
title={Rethinking the Inception Architecture for Computer Vision},
year={2016},
pages={2818},
doi={10.1109/CVPR.2016.308},
eprint={1512.00567}
}

@article{flamary_pot,
  title   = {{POT}: {Python Optimal Transport}},
  author  = {R{\'e}mi Flamary and others},
  journal = {J. Mach. Learn. Res.},
  year    = {2021},
  volume  = {22},
  number  = {78},
  pages   = {1},
  url     = {http://jmlr.org/papers/v22/20-451.html}
}


@misc{kansal_jetnet_library,
  author       = {Raghav Kansal and
                  Javier Duarte and
                  Carlos Pareja and
                  Zichun Hao},
  title        = {{jet-net/JetNet: v0.2.3}},
  month        = mar,
  year         = 2023,
  publisher    = {Zenodo},
  version      = {v0.2.3},
  doi          = {10.5281/zenodo.7698462},
}

@misc{kansal_jetnet_dataset,
  author       = {Kansal, Raghav and
                  Duarte, Javier and
                  Su, Hao and
                  Orzari, Breno and
                  Tomei, Thiago and
                  Pierini, Maurizio and
                  Touranakou, Mary and
                  Vlimant, Jean-Roch and
                  Gunopulos, Dimitrios},
  title        = {{JetNet}},
  year         = 2022,
  publisher    = {Zenodo},
  version      = 2,
  doi          = {10.5281/zenodo.6975118},
}

@misc{kansal_mpgan_code,
  author       = {Raghav Kansal and
                  Anni Li},
  title        = {rkansal47/MPGAN: v2.0.0},
  year         = 2022,
  publisher    = {Zenodo},
  version      = {v2.0.0},
  doi          = {10.5281/zenodo.7368548},
  url          = {https://github.com/rkansal47/MPGAN},
  howpublished = "\href{https://github.com/rkansal47/MPGAN}{https://github.com/rkansal47/MPGAN}"
}

@misc{calochallenge,
authors = "Michele Faucci Giannelli, Gregor Kasieczka, Claudius Krause, Ben Nachman, Dalila Salamani, David Shih and Anna Zaborowska",
title = {Fast Calorimeter Simulation Challenge 2022},
year = {2022},
url = "https://calochallenge.github.io/homepage/",
howpublished = "\href{https://calochallenge.github.io/homepage/}{https://calochallenge.github.io/homepage/}"
}

@book{bertsimas_linearopt,
  author = {Bertsimas, D. and Tsitsiklis, J.N.},
  publisher = {Athena Scientific},
  address = {Nashua, NH},
  title = {Introduction to linear optimization},
  year = 1997
}

@unpublished{mao_lsgan,
  author    = {Xudong Mao and
               Qing Li and
               Haoran Xie and
               Raymond Y. K. Lau and
               Zhen Wang},
  title     = {Multi-class Generative Adversarial Networks with the {L2} Loss Function},
  year      = {2016},
  archivePrefix = {arXiv},
  eprint    = {1611.04076},
}

@book{villani_ot,
  title={Optimal Transport: Old and New},
  author={Villani, C.},
  isbn={9783540710509},
  lccn={2008932183},
  series={Grundlehren der mathematischen Wissenschaften},
  volume = {338},
  year={2008},
  doi={10.1007/978-3-540-71050-9},
  publisher={Springer Berlin}
}

@unpublished{simongabriel_mmdmetrizing,
  title={Metrizing Weak Convergence with Maximum Mean Discrepancies},
  author={Carl-Johann Simon-Gabriel and Alessandro Barp and Lester W. Mackey},
  year={2020},
  eprint = "2006.09268",
  archivePrefix = "arXiv",
  primaryClassRemove = "cs.LG",
  doi="10.48550"
}

@inproceedings{renyi_measures,
  title={On measures of entropy and information},
  author={R{\'e}nyi, Alfr{\'e}d and others},
  booktitle={Proceedings of the fourth Berkeley symposium on mathematical statistics and probability},
  volume={1},
  pages={547},
  year={1961},
}

@unpublished{ATLAS:2022jhk,
    author = "{ATLAS Collaboration}",
    title = "{Deep generative models for fast photon shower simulation in ATLAS}",
    eprint = "2210.06204",
    archivePrefix = "arXiv",
    primaryClassRemove = "hep-ex",
    reportNumber = "CERN-EP-2022-185",
}

@book{marzani_jets,
year = {2019},
address = {Cham},
edition = {1st},
isbn = {3-030-15709-1},
publisher = {Springer},
series = {Lecture Notes in Physics},
author = "Marzani, Simone and Soyez, Gregory and Spannowsky, Michael",
title = "{Looking inside jets: an introduction to jet substructure and boosted-object phenomenology}",
eprint = "1901.10342",
archivePrefix = "arXiv",
primaryClassRemove = "hep-ph",
doi = "10.1007/978-3-030-15709-8",
volume = "958"
}

@techreport{baffioni_electronrecocms,
      author        = "Baffioni, Stephanie and Charlot, Claude and Ferri,
                       Federico and Futyan, David and Meridiani, Paolo and Puljak,
                       Ivica and Rovelli, Chiara and Salerno, Roberto and Sirois,
                       Yves",
      type = "{CMS Note}",
      collabotaration = "{CMS}",
      title         = "{Electron reconstruction in CMS}",
      number  = "CMS-NOTE-2006-040",
      year          = "2006",
      url           = "http://cds.cern.ch/record/934070",
      note = "\href{http://cds.cern.ch/record/934070}{http://cds.cern.ch/record/934070}"
}

@techreport{atlas_photonrecoatlas,
      author = {{ATLAS Collaboration}},
      type = "{ATLAS Note}",
      collaboration = {ATLAS},
      title         = "{Expected photon performance in the ATLAS experiment}",
      number  = "ATL-PHYS-PUB-2011-007",
      year          = "2011",
      url           = "https://cds.cern.ch/record/1345329",
      note="\href{https://cds.cern.ch/record/1345329}{https://cds.cern.ch/record/1345329}"
}

@book{vanderbei2013linear,
  title={Linear Programming: Foundations and Extensions},
  author={Vanderbei, R.J.},
  isbn={9781475756623},
  series={International Series in Operations Research \& Management Science},
  url={https://books.google.ch/books?id=HjznBwAAQBAJ},
  year={2013},
  publisher={Springer US}
}

@article{dagnolo_lmnp,
      author        = "D'Agnolo, Raffaele Tito and Grosso, Gaia and Pierini,
                       Maurizio and Wulzer, Andrea and Zanetti, Marco",
      title         = "{Learning Multivariate New Physics}",
      archivePrefix = "arXiv",
      eprint        = "1912.12155",
      reportNumber  = "CERN-TH-2019-226",
      journal       = "Eur. Phys. J. C",
      volume        = "81",
      number        = "1",
      pages         = "89",
      year          = "2021",
      url           = "https://cds.cern.ch/record/2706696",
      doi           = "10.1140/epjc/s10052-021-08853-y",
}

@article{dagnolo_nplm,
    author = "D'Agnolo, Raffaele Tito and Wulzer, Andrea",
    title = "{Learning New Physics from a Machine}",
    eprint = "1806.02350",
    archivePrefix = "arXiv",
    primaryClass = "hep-ph",
    doi = "10.1103/PhysRevD.99.015014",
    journal = "Phys. Rev. D",
    volume = "99",
    number = "1",
    pages = "015014",
    year = "2019"
}

@unpublished{gretton_talk,
    title= {{GANs} with integral probability metrics: some results and conjectures},
    author = {Arthur Gretton},
    year = {2020},
    note= "\href{https://www.gatsby.ucl.ac.uk/~gretton/papers/oxford20.pdf}{https://www.gatsby.ucl.ac.uk/~gretton/papers/oxford20.pdf}",
    URL= {https://www.gatsby.ucl.ac.uk/~gretton/papers/oxford20.pdf},
}

@MISC {w1_stackoverflow,
    TITLE = {What is the advantages of Wasserstein metric compared to Kullback-Leibler divergence?},
    AUTHOR = {antike},
    NOTE = {\url{https://stats.stackexchange.com/q/351153} (version: 2018-06-13)},
}
