@misc{ enwiki:1238968997,
    author = "{Wikipedia contributors}",
    title = "Standard Model --- {Wikipedia}{,} The Free Encyclopedia",
    year = "2024",
    howpublished = "\url{https://en.wikipedia.org/w/index.php?title=Standard_Model&oldid=1238968997}",
    note = "[Online; accessed 22-August-2024]"
}


@book{Zee:2016fuk,
    author = "Zee, Anthony",
    title = "{Group Theory in a Nutshell for Physicists}",
    isbn = "978-1-4008-8118-5, 978-0-691-16269-0",
    publisher = "Princeton University Press",
    address = "USA",
    month = "3",
    year = "2016"
}

@book{TongSM,
  author        = {David Tong},
  title         = {{Lectures on the Standard Model}},
  year          = {2019},
  publisher     = {University of Cambridge},
  url           = {http://www.damtp.cam.ac.uk/user/tong/standardmodel.html},
}

@book{TongGT,
  author        = {David Tong},
  title         = {{Lectures on Gauge Theory}},
  year          = {2018},
  publisher     = {University of Cambridge},
  url           = {http://www.damtp.cam.ac.uk/user/tong/gaugetheory.html},
}

@book{TongQFT,
  author        = {David Tong},
  title         = {{Lectures on Quantum Field Theory}},
  year          = {2019},
  publisher     = {University of Cambridge},
  url           = {http://www.damtp.cam.ac.uk/user/tong/qft.html},
}

@book{McGreevyGT,
  author        = {John McGreevy},
  title         = {{Lectures notes on Symmetry in physics}},
  year          = {2020},
  publisher     = {University of California, San Diego},
  url           = {https://mcgreevy.physics.ucsd.edu/f20/2020F-220-lectures.pdf},
}

@book{SchullerGATP,
  author        = {Frederic Schuller},
  title         = {{Lectures on Geometrical Anatomy of Theoretical Physics}},
  year          = {2016},
  publisher     = {Friedrich-Alexander-Universität Erlangen-Nürnberg},
  url           = {https://www.youtube.com/playlist?list=PLPH7f_7ZlzxTi6kS4vCmv4ZKm9u8g5yic},
}

@book{Peskin:1995ev,
    author = "Peskin, Michael E. and Schroeder, Daniel V.",
    title = "{An Introduction to quantum field theory}",
    doi = "10.1201/9780429503559",
    isbn = "978-0-201-50397-5, 978-0-429-50355-9, 978-0-429-49417-8",
    publisher = "Addison-Wesley",
    address = "Reading, USA",
    year = "1995"
}

@book{Zee:2003mt,
    author = "Zee, Anthony",
    title = "{Quantum field theory in a nutshell}",
    isbn = "978-0-691-14034-6",
    year = "2003",
    publisher = "Princeton University Press",
    address = "USA",
}

@book{LiuRQFT,
  author        = {Hong Liu},
  title         = {{Relativistic Quantum Field Theory}},
  year          = {2023},
  publisher     = {MIT OpenCourseWare},
  url           = {https://ocw.mit.edu/courses/8-323-relativistic-quantum-field-theory-i-spring-2023/},
}

@book{MatheusQFT,
  author        = {Ricardo D. Matheus},
  title         = {{Quantum Field Theory II}},
  year          = {2023},
  publisher     = {Instituto de Física Teórica},
  url           = {https://professores.ift.unesp.br/ricardo.matheus/index.php?target=courses&subtarget=tqc2_2023},
}

@book{Schwartz:2014sze,
    author = "Schwartz, Matthew D.",
    title = "{Quantum Field Theory and the Standard Model}",
    isbn = "978-1-107-03473-0, 978-1-107-03473-0",
    publisher = "Cambridge University Press",
    month = "3",
    year = "2014"
}

@misc{ enwiki:1183926638,
    author = "{Wikipedia contributors}",
    title = "Baker–Campbell–Hausdorff formula --- {Wikipedia}{,} The Free Encyclopedia",
    year = "2023",
    url = "https://en.wikipedia.org/w/index.php?title=Baker%E2%80%93Campbell%E2%80%93Hausdorff_formula&oldid=1183926638",
    note = "[Online; accessed 20-August-2024]"
}

@article{Jacobi1862,
author = {Jacobi, C.G.J.},
journal = {Journal für die reine und angewandte Mathematik},
pages = {1-181},
title = {Nova methodus, aequationes differentiales partiales primi ordinis inter numerum variabilium quemcunque propositas integrandi.},
url = {http://eudml.org/doc/147847},
volume = {60},
year = {1862},
}

@article{PhysRev.110.1450,
  title = {Connection between Spin and Statistics},
  author = {L\"uders, Gerhart and Zumino, Bruno},
  journal = {Phys. Rev.},
  volume = {110},
  issue = {6},
  pages = {1450--1453},
  numpages = {0},
  year = {1958},
  month = {Jun},
  publisher = {American Physical Society},
  doi = {10.1103/PhysRev.110.1450},
  url = {https://link.aps.org/doi/10.1103/PhysRev.110.1450}
}

@MISC{439080,
    TITLE = {Proof that $(1/2,1/2)$ Lorentz group representation is a 4-vector},
    AUTHOR = {user1379857 (https://physics.stackexchange.com/users/157704/user1379857)},
    HOWPUBLISHED = {Physics Stack Exchange},
    URL = {https://physics.stackexchange.com/q/439080}
}

@book{FeynmanVol3,
    author = "Feynman, Richard P. and Leighton, Robert B. and Sands, Matthew",
    title = "{The Feynman Lectures on Physics, Vol. 3}",
    isbn = "978-0-201-02118-9",
    publisher = "Addison-Wesley",
    year = "1965",
    pages = "4.1",
    url = {https://www.feynmanlectures.caltech.edu/III_04.html}
}

@article{Schechter:1980gr,
    author = "Schechter, J. and Valle, J. W. F.",
    title = "{Neutrino Masses in SU(2) x U(1) Theories}",
    reportNumber = "SU-4217-167, COO-3533-167",
    doi = "10.1103/PhysRevD.22.2227",
    journal = "Phys. Rev. D",
    volume = "22",
    pages = "2227",
    year = "1980"
}

@article{Foot:1988aq,
    author = "Foot, Robert and Lew, H. and He, X. G. and Joshi, Girish C.",
    title = "{Seesaw Neutrino Masses Induced by a Triplet of Leptons}",
    reportNumber = "UM-P-88/89, OZ-P-88/7",
    doi = "10.1007/BF01415558",
    journal = "Z. Phys. C",
    volume = "44",
    pages = "441",
    year = "1989"
}

@article{Rodejohann:2011mu,
    author = "Rodejohann, Werner",
    title = "{Neutrino-less Double Beta Decay and Particle Physics}",
    eprint = "1106.1334",
    archivePrefix = "arXiv",
    primaryClass = "hep-ph",
    doi = "10.1142/S0218301311020186",
    journal = "Int. J. Mod. Phys. E",
    volume = "20",
    pages = "1833--1930",
    year = "2011"
}

@article{CMS:2018jxx,
    author = "Sirunyan, Albert M and others",
    collaboration = "CMS",
    title = "{Search for heavy Majorana neutrinos in same-sign dilepton channels in proton-proton collisions at $ \sqrt{s}=13 $ TeV}",
    eprint = "1806.10905",
    archivePrefix = "arXiv",
    primaryClass = "hep-ex",
    reportNumber = "CMS-EXO-17-028, CERN-EP-2018-159",
    doi = "10.1007/JHEP01(2019)122",
    journal = "JHEP",
    volume = "01",
    pages = "122",
    year = "2019"
}

@article{Wigner:1939cj,
    author = "Wigner, Eugene P.",
    editor = "Kim, Y. S. and Zachary, W. W.",
    title = "{On Unitary Representations of the Inhomogeneous Lorentz Group}",
    doi = "10.2307/1968551",
    journal = "Annals Math.",
    volume = "40",
    pages = "149--204",
    year = "1939"
}


%%%%%%%%%%%%%%%%%% QFT %%%%%%%%%%%%%%%%%%%%%%%

@article{WeinbergHistoryQFT,
 ISSN = {00115266},
 URL = {http://www.jstor.org/stable/20024506},
 author = {Steven Weinberg},
 journal = {Daedalus},
 number = {4},
 pages = {17--35},
 publisher = {The MIT Press},
 title = {The Search for Unity: Notes for a History of Quantum Field Theory},
 urldate = {2024-08-29},
 volume = {106},
 year = {1977}
}

@article{Adler:1995vd,
    author = "Adler, R. J. and Casey, B. and Jacob, O. C.",
    title = "{Vacuum catastrophe: An Elementary exposition of the cosmological constant problem}",
    doi = "10.1119/1.17850",
    journal = "Am. J. Phys.",
    volume = "63",
    pages = "620--626",
    year = "1995"
}

@article{Bengochea:2019daa,
    author = "Bengochea, Gabriel R. and Le\'on, Gabriel and Okon, Elias and Sudarsky, Daniel",
    title = "{Can the quantum vacuum fluctuations really solve the cosmological constant problem?}",
    eprint = "1906.05406",
    archivePrefix = "arXiv",
    primaryClass = "gr-qc",
    doi = "10.1140/epjc/s10052-019-7554-1",
    journal = "Eur. Phys. J. C",
    volume = "80",
    number = "1",
    pages = "18",
    year = "2020"
}

@book{Manohar:2018aog,
    author = "Manohar, Aneesh V.",
    editor = "Davidson, Sacha and Gambino, Paolo and Laine, Mikko and Neubert, Matthias and Salomon, Christophe",
    title = "{Introduction to Effective Field Theories}",
    eprint = "1804.05863",
    archivePrefix = "arXiv",
    primaryClass = "hep-ph",
    doi = "10.1093/oso/9780198855743.003.0002",
    publisher = "{Les Houches Summer School on Effective Field Theories}",
    month = "4",
    year = "2018"
}

@article{Isidori:2023pyp,
    author = "Isidori, Gino and Wilsch, Felix and Wyler, Daniel",
    title = "{The standard model effective field theory at work}",
    eprint = "2303.16922",
    archivePrefix = "arXiv",
    primaryClass = "hep-ph",
    reportNumber = "ZU-TH 14/23",
    doi = "10.1103/RevModPhys.96.015006",
    journal = "Rev. Mod. Phys.",
    volume = "96",
    number = "1",
    pages = "015006",
    year = "2024"
}

@article{Brivio:2017vri,
    author = "Brivio, Ilaria and Trott, Michael",
    title = "{The Standard Model as an Effective Field Theory}",
    eprint = "1706.08945",
    archivePrefix = "arXiv",
    primaryClass = "hep-ph",
    doi = "10.1016/j.physrep.2018.11.002",
    journal = "Phys. Rept.",
    volume = "793",
    pages = "1--98",
    year = "2019"
}

@article{Lehmann:1954rq,
    author = "Lehmann, H. and Symanzik, K. and Zimmermann, W.",
    title = "{On the formulation of quantized field theories}",
    doi = "10.1007/BF02731765",
    journal = "Nuovo Cim.",
    volume = "1",
    pages = "205--225",
    year = "1955"
}

@article{Yukawa:1935xg,
    author = "Yukawa, Hideki",
    title = "{On the Interaction of Elementary Particles I}",
    reportNumber = "PRINT-92-0144",
    doi = "10.1143/PTPS.1.1",
    journal = "Proc. Phys. Math. Soc. Jap.",
    volume = "17",
    pages = "48--57",
    year = "1935"
}

@article{Lattes:1947mw,
    author = "Lattes, C. M. G. and Muirhead, H. and Occhialini, G. P. S. and Powell, C. F.",
    title = "{Processes involving charged mesons}",
    doi = "10.1038/159694a0",
    journal = "Nature",
    volume = "159",
    pages = "694--697",
    year = "1947"
}

@article{Wick:1950ee,
    author = "Wick, G. C.",
    title = "{The Evaluation of the Collision Matrix}",
    doi = "10.1103/PhysRev.80.268",
    journal = "Phys. Rev.",
    volume = "80",
    pages = "268--272",
    year = "1950"
}

@article{ALEPH:2005ab,
    author = "Schael, S. and others",
    collaboration = "ALEPH, DELPHI, L3, OPAL, SLD, LEP Electroweak Working Group, SLD Electroweak Group, SLD Heavy Flavour Group",
    title = "{Precision electroweak measurements on the $Z$ resonance}",
    eprint = "hep-ex/0509008",
    archivePrefix = "arXiv",
    reportNumber = "SLAC-R-774",
    doi = "10.1016/j.physrep.2005.12.006",
    journal = "Phys. Rept.",
    volume = "427",
    pages = "257--454",
    year = "2006"
}

@misc{XianyuPSSolutions,
    author = "Xianyu, Zhong-Zhi",
    title = "{A Complete Solution to Problems in ``An Introduction to Quantum Field Theory'' by Peskin and Schroeder}",
    year = "2016",
    url = "https://zzxianyu.com/wp-content/uploads/2017/01/peskin_problems.pdf",
    note = "[Online; accessed 29-August-2024]"
}

@article{Denner:2011mq,
    author = "Denner, A. and Heinemeyer, S. and Puljak, I. and Rebuzzi, D. and Spira, M.",
    title = "{Standard Model Higgs-Boson Branching Ratios with Uncertainties}",
    eprint = "1107.5909",
    archivePrefix = "arXiv",
    primaryClass = "hep-ph",
    doi = "10.1140/epjc/s10052-011-1753-8",
    journal = "Eur. Phys. J. C",
    volume = "71",
    pages = "1753",
    year = "2011"
}

@book{pagels2012cosmic,
  title={The Cosmic Code: Quantum Physics as the Language of Nature},
  author={Pagels, H.R.},
  isbn={9780486485065},
  lccn={2011036287},
  series={Dover books on physics},
  year={2012},
  pages={295},
  publisher={Dover Publications, Incorporated}
}

@book{hey2003new,
  title={The New Quantum Universe},
  author={Hey, A.J.G. and Walters, P.},
  isbn={9780521564571},
  lccn={2002074047},
  year={2003},
  publisher={Cambridge University Press},
  pages={228}
}

@book{brown1983birth,
  title={The Birth of Particle Physics},
  author={Brown, L.M. and Hoddeson, L.},
  editor={V F Weisskopf},
  isbn={9780521240055},
  lccn={lc82001162},
  year={1983},
  publisher={Cambridge University Press},
  pages={56},
}

@article{tHooft:1971akt,
    author = "'t Hooft, Gerard",
    title = "{Renormalization of Massless Yang-Mills Fields}",
    doi = "10.1016/0550-3213(71)90395-6",
    journal = "Nucl. Phys. B",
    volume = "33",
    pages = "173--199",
    year = "1971"
}

@article{tHooft:1971qjg,
    author = "'t Hooft, Gerard",
    editor = "Taylor, J. C.",
    title = "{Renormalizable Lagrangians for Massive Yang-Mills Fields}",
    doi = "10.1016/0550-3213(71)90139-8",
    journal = "Nucl. Phys. B",
    volume = "35",
    pages = "167--188",
    year = "1971"
}

@article{Dirac:1930ek,
    author = "Dirac, P. A. M.",
    title = "{A Theory of Electrons and Protons}",
    doi = "10.1098/rspa.1930.0013",
    journal = "Proc. Roy. Soc. Lond. A",
    volume = "126",
    number = "801",
    pages = "360--365",
    year = "1930"
}

@article{Anderson:1932zz,
    author = "Anderson, Carl D.",
    title = "{The Apparent Existence of Easily Deflectable Positives}",
    doi = "10.1126/science.76.1967.238",
    journal = "Science",
    volume = "76",
    pages = "238--239",
    year = "1932"
}

@article{Schwinger:1951xk,
    author = "Schwinger, Julian S.",
    editor = "Milton, K. A.",
    title = "{The Theory of quantized fields. 1.}",
    doi = "10.1103/PhysRev.82.914",
    journal = "Phys. Rev.",
    volume = "82",
    pages = "914--927",
    year = "1951"
}

@article{Luders:1954zz,
    author = "Luders, Gerhart",
    title = "{On the Equivalence of Invariance under Time Reversal and under Particle-Antiparticle Conjugation for Relativistic Field Theories}",
    journal = "Kong. Dan. Vid. Sel. Mat. Fys. Med.",
    volume = "28N5",
    number = "5",
    pages = "1--17",
    year = "1954"
}

@article{Wu:1957my,
    author = "Wu, C. S. and Ambler, E. and Hayward, R. W. and Hoppes, D. D. and Hudson, R. P.",
    title = "{Experimental Test of Parity Conservation in $\beta$ Decay}",
    doi = "10.1103/PhysRev.105.1413",
    journal = "Phys. Rev.",
    volume = "105",
    pages = "1413--1414",
    year = "1957"
}

@article{Landau:1957tp,
    author = "Landau, L. D.",
    title = "{On the conservation laws for weak interactions}",
    doi = "10.1016/0029-5582(57)90061-5",
    journal = "Nucl. Phys.",
    volume = "3",
    pages = "127--131",
    year = "1957"
}

@article{Christenson:1964fg,
    author = "Christenson, J. H. and Cronin, J. W. and Fitch, V. L. and Turlay, R.",
    title = "{Evidence for the $2\pi$ Decay of the $K_2^0$ Meson}",
    doi = "10.1103/PhysRevLett.13.138",
    journal = "Phys. Rev. Lett.",
    volume = "13",
    pages = "138--140",
    year = "1964"
}

@article{ParticleDataGroup:2024cfk,
    author = "Navas, S. and others",
    collaboration = "Particle Data Group",
    title = "{Review of particle physics}",
    doi = "10.1103/PhysRevD.110.030001",
    journal = "Phys. Rev. D",
    volume = "110",
    number = "3",
    pages = "030001",
    year = "2024"
}

@article{Mannel:2007zz,
    author = "Mannel, Thomas",
    editor = "Borisov, Guennadi and Bozzo, Marco and Jones, Roger and Kalman, Calvin S. and Ratoff, Peter and Smizanska, Maria and Solomey, Nickolas",
    title = "{Theory and phenomenology of CP violation}",
    doi = "10.1016/j.nuclphysbps.2006.12.083",
    journal = "Nucl. Phys. B Proc. Suppl.",
    volume = "167",
    pages = "115--119",
    year = "2007"
}


@article{Wu:1991rw,
    author = "Wu, Dan-di",
    editor = "Englert, B. G. and Sussmann, G.",
    title = "{A Brief Introduction to the Strong CP Problem}",
    reportNumber = "SSCL-548",
    journal = "Z. Naturforsch. A",
    volume = "52",
    pages = "179--181",
    year = "1997"
}

@article{Dine:1981rt,
    author = "Dine, Michael and Fischler, Willy and Srednicki, Mark",
    title = "{A Simple Solution to the Strong CP Problem with a Harmless Axion}",
    reportNumber = "Print-81-0320 (IAS,PRINCETON)",
    doi = "10.1016/0370-2693(81)90590-6",
    journal = "Phys. Lett. B",
    volume = "104",
    pages = "199--202",
    year = "1981"
}

@book{WeinbergCERNLecture,
    author = "{Steven Weinberg}",
    title = "{The Quantum Theory of Fields Effective or Fundamental?}",
    year = "2009",
    publisher = "CERN",
    howpublished = "\url{https://www.youtube.com/watch?v=1mQ0Yu2x9vE}",
    note = "[Online; accessed 10-October-2024]"
}

@book{ORaifeartaigh:1997dvq,
    author = "O'Raifeartaigh, L.",
    title = "{The dawning of gauge theory}",
    isbn = "978-0-691-02977-1",
    publisher = "Princeton Univ. Press",
    address = "Princeton, NJ, USA",
    year = "1997"
}

@book{Green:1987sp,
    author = "Green, Michael B. and Schwarz, J. H. and Witten, Edward",
    title = "{SUPERSTRING THEORY. VOL. 1: INTRODUCTION}",
    isbn = "978-0-521-35752-4",
    series = "Cambridge Monographs on Mathematical Physics",
    month = "7",
    year = "1988"
}

@article{Yang:1954ek,
    author = "Yang, Chen-Ning and Mills, Robert L.",
    editor = "Hsu, Jong-Ping and Fine, D.",
    title = "{Conservation of Isotopic Spin and Isotopic Gauge Invariance}",
    doi = "10.1103/PhysRev.96.191",
    journal = "Phys. Rev.",
    volume = "96",
    pages = "191--195",
    year = "1954"
}

@misc{ enwiki:1243569653,
    author = "{Wikipedia contributors}",
    title = "Yang–Mills theory --- {Wikipedia}{,} The Free Encyclopedia",
    year = "2024",
    url = "https://en.wikipedia.org/w/index.php?title=Yang%E2%80%93Mills_theory&oldid=1243569653",
    note = "[Online; accessed 16-October-2024]"
}

@article{Anderson:1963pc,
    author = "Anderson, Philip W.",
    editor = "Taylor, J. C.",
    title = "{Plasmons, Gauge Invariance, and Mass}",
    doi = "10.1103/PhysRev.130.439",
    journal = "Phys. Rev.",
    volume = "130",
    pages = "439--442",
    year = "1963"
}

@article{Englert:1964et,
    author = "Englert, F. and Brout, R.",
    editor = "Taylor, J. C.",
    title = "{Broken Symmetry and the Mass of Gauge Vector Mesons}",
    doi = "10.1103/PhysRevLett.13.321",
    journal = "Phys. Rev. Lett.",
    volume = "13",
    pages = "321--323",
    year = "1964"
}

@article{Higgs:1964pj,
    author = "Higgs, Peter W.",
    editor = "Taylor, J. C.",
    title = "{Broken Symmetries and the Masses of Gauge Bosons}",
    doi = "10.1103/PhysRevLett.13.508",
    journal = "Phys. Rev. Lett.",
    volume = "13",
    pages = "508--509",
    year = "1964"
}

@article{Guralnik:1964eu,
    author = "Guralnik, G. S. and Hagen, C. R. and Kibble, T. W. B.",
    editor = "Taylor, J. C.",
    title = "{Global Conservation Laws and Massless Particles}",
    doi = "10.1103/PhysRevLett.13.585",
    journal = "Phys. Rev. Lett.",
    volume = "13",
    pages = "585--587",
    year = "1964"
}

@article{Nambu:1961tp,
    author = "Nambu, Yoichiro and Jona-Lasinio, G.",
    editor = "Eguchi, T.",
    title = "{Dynamical Model of Elementary Particles Based on an Analogy with Superconductivity. 1.}",
    doi = "10.1103/PhysRev.122.345",
    journal = "Phys. Rev.",
    volume = "122",
    pages = "345--358",
    year = "1961"
}

@article{Nambu:1961fr,
    author = "Nambu, Yoichiro and Jona-Lasinio, G.",
    editor = "Eguchi, T.",
    title = "{Dynamical model of elementary particles based on an analogy with superconductivity. II.}",
    doi = "10.1103/PhysRev.124.246",
    journal = "Phys. Rev.",
    volume = "124",
    pages = "246--254",
    year = "1961"
}

@article{Glashow:1959wxa,
    author = "Glashow, Sheldon L.",
    title = "{The renormalizability of vector meson interactions}",
    doi = "10.1016/0029-5582(59)90196-8",
    journal = "Nucl. Phys.",
    volume = "10",
    pages = "107--117",
    year = "1959"
}

@article{Salam:1968rm,
    author = "Salam, Abdus",
    title = "{Weak and Electromagnetic Interactions}",
    doi = "10.1142/9789812795915_0034",
    journal = "Conf. Proc. C",
    volume = "680519",
    pages = "367--377",
    year = "1968"
}

@article{Weinberg:1967tq,
    author = "Weinberg, Steven",
    title = "{A Model of Leptons}",
    doi = "10.1103/PhysRevLett.19.1264",
    journal = "Phys. Rev. Lett.",
    volume = "19",
    pages = "1264--1266",
    year = "1967"
}

@article{Duff:2020wmn,
    author = "Duff, M. J. and Stelle, K. S.",
    title = "{Sir Thomas Walter Bannerman Kibble CBE}",
    eprint = "2011.13257",
    archivePrefix = "arXiv",
    primaryClass = "physics.hist-ph",
    reportNumber = "Imperial/TP/2020/KSS/03, Imperial/TP/2020/MJD/03",
    doi = "10.1098/rsbm.2020.0040",
    journal = "Biogr. Mems. Fell. R. Soc.",
    volume = "70",
    pages = "225--244",
    year = "2021"
}

@article{Elitzur:1975im,
    author = "Elitzur, S.",
    title = "{Impossibility of Spontaneously Breaking Local Symmetries}",
    doi = "10.1103/PhysRevD.12.3978",
    journal = "Phys. Rev. D",
    volume = "12",
    pages = "3978--3982",
    year = "1975"
}

@article{Gross:1973id,
    author = "Gross, David J. and Wilczek, Frank",
    editor = "Taylor, J. C.",
    title = "{Ultraviolet Behavior of Nonabelian Gauge Theories}",
    doi = "10.1103/PhysRevLett.30.1343",
    journal = "Phys. Rev. Lett.",
    volume = "30",
    pages = "1343--1346",
    year = "1973"
}

@article{Politzer:1973fx,
    author = "Politzer, H. David",
    editor = "Taylor, J. C.",
    title = "{Reliable Perturbative Results for Strong Interactions?}",
    doi = "10.1103/PhysRevLett.30.1346",
    journal = "Phys. Rev. Lett.",
    volume = "30",
    pages = "1346--1349",
    year = "1973"
}

%%%%%%%%%%%%%%%%%% SM %%%%%%%%%%%%%%%%%%%%%%%

@misc{SMMostCompleteDiagram,
    author = "{Latham Boyle}",
    title = "Standard Model Of Particle Physics--Most Complete Diagram",
    year = "2024",
    url = "https://commons.wikimedia.org/wiki/File:Standard_Model_Of_Particle_Physics--Most_Complete_Diagram.png",
    note = "[Online; accessed 25-September-2024]"
}

@article{Dias2004,
    author = {Dias, Alex and Pleitez, V.},
    year = {2004},
    month = {07},
    pages = {},
    title = {Grand Unification and Proton Stability Near the Peccei-Quinn Scale},
    volume = {70},
    journal = {Physical Review D},
    doi = {10.1103/PhysRevD.70.055009}
}

@article{Boito:2023lzf,
    author = "Boito, Diogo",
    title = "{Consequences of the renormalization group for perturbative quantum chromodynamics}",
    doi = "10.1038/s41567-023-02234-w",
    journal = "Nature Phys.",
    volume = "19",
    number = "11",
    pages = "1533--1535",
    year = "2023"
}
@article{Bissey:2006bz,
    author = "Bissey, F. and Cao, F-G. and Kitson, A. R. and Signal, A. I. and Leinweber, D. B. and Lasscock, B. G. and Williams, A. G.",
    title = "{Gluon flux-tube distribution and linear confinement in baryons}",
    eprint = "hep-lat/0606016",
    archivePrefix = "arXiv",
    reportNumber = "ADP-06-04-T635",
    doi = "10.1103/PhysRevD.76.114512",
    journal = "Phys. Rev. D",
    volume = "76",
    pages = "114512",
    year = "2007"
}

@misc{LeinweberVisualQCD,
    author = "{Derek B. Leinweber}",
    title = "Visualizations of Quantum Chromodynamics",
    year = "2004",
    url = "http://www.physics.adelaide.edu.au/theory/staff/leinweber/VisualQCD/Nobel/index.html",
    note = "[Online; accessed 25-October-2024]"
}

@article{Heisenberg1932,
  author  = {Heisenberg, Werner},
  title   = {{\"U}ber den Bau der Atomkerne. I},
  journal = {Zeitschrift f{\"u}r Physik},
  volume  = {77},
  pages   = {1--11},
  year    = {1932},
  doi     = {10.1007/BF01342433},
}

@article{Wigner1937,
  author  = {Wigner, Eugene P.},
  title   = {On the Consequences of the Symmetry of the Nuclear Hamiltonian on the Spectroscopy of Nuclei},
  journal = {Physical Review},
  volume  = {51},
  pages   = {106--119},
  year    = {1937},
  doi     = {10.1103/PhysRev.51.106}
}


@book{Sakurai:2015gmk,
    author = "Sakurai, Jun John",
    title = "{Invariance Principles and Elementary Particles}",
    isbn = "978-0-691-62480-8",
    publisher = "Princeton University Press",
    month = "12",
    year = "2015"
}

  @misc{ enwiki:1243626239,
    author = "{Wikipedia contributors}",
    title = "Isospin --- {Wikipedia}{,} The Free Encyclopedia",
    year = "2024",
    url = "https://en.wikipedia.org/w/index.php?title=Isospin&oldid=1243626239",
    note = "[Online; accessed 26-October-2024]"
  }

@misc{Gell-Mann:1961omu,
    author = "Gell-Mann, Murray",
    title = "{The Eightfold Way: A Theory of strong interaction symmetry}",
    reportNumber = "CTSL-20, TID-12608",
    doi = "10.2172/4008239",
    month = "3",
    year = "1961"
}

@article{Neeman:1961jhl,
    author = "Ne'eman, Yuval",
    editor = "Ruffini, R. and Verbin, Y.",
    title = "{Derivation of strong interactions from a gauge invariance}",
    doi = "10.1016/0029-5582(61)90134-1",
    journal = "Nucl. Phys.",
    volume = "26",
    pages = "222--229",
    year = "1961"
}

@article{Gell-Mann:1964ewy,
    author = "Gell-Mann, Murray",
    title = "{A Schematic Model of Baryons and Mesons}",
    doi = "10.1016/S0031-9163(64)92001-3",
    journal = "Phys. Lett.",
    volume = "8",
    pages = "214--215",
    year = "1964"
}

@article{Zweig:1964jf,
    author = "Zweig, George",
    title = "{An SU(3) model for strong interaction symmetry and its breaking. 1.}",
    doi = "10.1103/PhysRevLett.12.132",
    journal = "Phys. Rev. Lett.",
    volume = "12",
    pages = "132--135",
    year = "1964"
}

@article{Glashow:1970gm,
    author = "Glashow, S. L. and Iliopoulos, J. and Maiani, L.",
    title = "{Weak Interactions with Lepton-Hadron Symmetry}",
    doi = "10.1103/PhysRevD.2.1285",
    journal = "Phys. Rev. D",
    volume = "2",
    pages = "1285--1292",
    year = "1970"
}

@article{SLAC-SP-017:1974ind,
    author = "Augustin, J. E. and others",
    collaboration = "SLAC-SP-017",
    title = "{Discovery of a Narrow Resonance in $e^+ e^-$ Annihilation}",
    reportNumber = "SLAC-PUB-1504, LBL-3391",
    doi = "10.1103/PhysRevLett.33.1406",
    journal = "Phys. Rev. Lett.",
    volume = "33",
    pages = "1406--1408",
    year = "1974"
}

@article{E598:1974sol,
    author = "Aubert, J. J. and others",
    collaboration = "E598",
    title = "{Experimental Observation of a Heavy Particle $J$}",
    reportNumber = "COO-3069-271",
    doi = "10.1103/PhysRevLett.33.1404",
    journal = "Phys. Rev. Lett.",
    volume = "33",
    pages = "1404--1406",
    year = "1974"
}

@article{Kobayashi:1973fv,
    author = "Kobayashi, Makoto and Maskawa, Toshihide",
    title = "{CP Violation in the Renormalizable Theory of Weak Interaction}",
    reportNumber = "KUNS-242",
    doi = "10.1143/PTP.49.652",
    journal = "Prog. Theor. Phys.",
    volume = "49",
    pages = "652--657",
    year = "1973"
}

@article{Perl:1975bf,
    author = "Perl, Martin L. and others",
    title = "{Evidence for Anomalous Lepton Production in e+ - e- Annihilation}",
    reportNumber = "SLAC-PUB-1626, LBL-4228",
    doi = "10.1103/PhysRevLett.35.1489",
    journal = "Phys. Rev. Lett.",
    volume = "35",
    pages = "1489--1492",
    year = "1975"
}

@article{E288:1977xhf,
    author = "Herb, S. W. and others",
    collaboration = "E288",
    title = "{Observation of a Dimuon Resonance at 9.5-GeV in 400-GeV Proton-Nucleus Collisions}",
    reportNumber = "FERMILAB-PUB-77-058-E, PRINT-77-0640 (COLUMBIA)",
    doi = "10.1103/PhysRevLett.39.252",
    journal = "Phys. Rev. Lett.",
    volume = "39",
    pages = "252--255",
    year = "1977"
}

@article{CDF:1995wbb,
    author = "Abe, F. and others",
    collaboration = "CDF",
    title = "{Observation of top quark production in $\bar{p}p$ collisions}",
    eprint = "hep-ex/9503002",
    archivePrefix = "arXiv",
    reportNumber = "FERMILAB-PUB-95-022-E, CDF-PUB-TOP-PUBLIC-3040, ANL-HEP-PR-95-44",
    doi = "10.1103/PhysRevLett.74.2626",
    journal = "Phys. Rev. Lett.",
    volume = "74",
    pages = "2626--2631",
    year = "1995"
}

@article{D0:1995jca,
    author = "Abachi, S. and others",
    collaboration = "D0",
    title = "{Observation of the top quark}",
    eprint = "hep-ex/9503003",
    archivePrefix = "arXiv",
    reportNumber = "FERMILAB-PUB-95-028-E, D0-2698, D0-PUB-95-7",
    doi = "10.1103/PhysRevLett.74.2632",
    journal = "Phys. Rev. Lett.",
    volume = "74",
    pages = "2632--2637",
    year = "1995"
}

@misc{ enwiki:1240848406,
    author = "{Wikipedia contributors}",
    title = "Deep inelastic scattering --- {Wikipedia}{,} The Free Encyclopedia",
    year = "2024",
    url = "https://en.wikipedia.org/w/index.php?title=Deep_inelastic_scattering&oldid=1240848406",
    note = "[Online; accessed 28-October-2024]"
}


@article{Krasny2010,
    author = {Krasny, M. and Dydak, F. and Fayette, F. and Płaczek, W. and Siodmok, Andrzej},
    year = {2010},
    month = {10},
    pages = {379-397},
    title = "{$\Delta M_W \leq10 \MeV/c^2$ at the LHC: a forlorn hope?}",
    volume = {69},
    journal = {European Physical Journal C},
    doi = {10.1140/epjc/s10052-010-1417-0}
}

@misc{ATLAS:2024protoncollisions,
    author = "{ATLAS Collaboration}",
    title = "When protons collide",
    year = "2024",
    url = "https://atlas.physicsmasterclasses.org/en/zpath_protoncollisions.htm",
    note = "[Online; accessed 28-October-2024]"
}

@article{Collins:1989gx,
    author = "Collins, John C. and Soper, Davison E. and Sterman, George F.",
    title = "{Factorization of Hard Processes in QCD}",
    eprint = "hep-ph/0409313",
    archivePrefix = "arXiv",
    reportNumber = "ITP-SB-89-31",
    doi = "10.1142/9789814503266_0001",
    journal = "Adv. Ser. Direct. High Energy Phys.",
    volume = "5",
    pages = "1--91",
    year = "1989"
}

@misc{Pfoh:2012Lectures,
    author = "{Torsten Pfoh}",
    title = "{LHC Theory Lectures}",
    year = "2012",
    url = "https://www.zeuthen.desy.de/students/2012/lectures/LHClecture2.pdf",
    note = "[Online; accessed 29-October-2024]"
}

@misc{Huston:2018Lectures,
    author = "{Joey Huston}",
    title = "{Introduction to QCD from an LHC perspective}",
    year = "2018",
    url = "https://indico.cern.ch/event/680421/contributions/3096162/",
    note = "[Online; accessed 29-October-2024]"
}

@book{Kollar:2007TopQuark,
author = {Kollar, Monika},
year = {2007},
month = {01},
pages = {},
publisher = "{Technische Universitat Munchen}",
title = {Top-Quark and Top-Squark Production at Hadron Colliders at Electroweak NLO}
}

@inproceedings{Hoche:2014rga,
    author = {H\"oche, Stefan},
    title = "{Introduction to parton-shower event generators}",
    booktitle = "{Theoretical Advanced Study Institute in Elementary Particle Physics}: {Journeys Through the Precision Frontier: Amplitudes for Colliders}",
    eprint = "1411.4085",
    archivePrefix = "arXiv",
    primaryClass = "hep-ph",
    reportNumber = "SLAC-PUB-16160",
    doi = "10.1142/9789814678766_0005",
    pages = "235--295",
    year = "2015"
}

@article{Glazov:2007zz,
    author = "Glazov, Sasha",
    editor = "Hama, Yogiro and Navarra, Fernando and Kodama, Takeshi",
    collaboration = "H1",
    title = "{Measurement of DIS cross section at HERA}",
    doi = "10.1590/S0103-97332007000500030",
    journal = "Braz. J. Phys.",
    volume = "37",
    pages = "793--797",
    year = "2007"
}

@phdthesis{Kirschenmann:2014vga,
    author = "Kirschenmann, Henning",
    title = "{Jet Energy Scale Corrections and their Impact on Measurements of the Top-Quark Mass at CMS}",
    reportNumber = "DESY-THESIS-2014-031, CERN-THESIS-2014-170",
    doi = "10.3204/DESY-THESIS-2014-031",
    school = "U. Hamburg, Dept. Phys.",
    year = "2014"
}

@article{Bauerdick:2011zz,
    author = "Bauerdick, L. A. T. and others",
    editor = "Lin, Simon C.",
    title = "{Event display for the visualization of CMS events}",
    reportNumber = "FERMILAB-CONF-11-877-CD",
    doi = "10.1088/1742-6596/331/7/072039",
    journal = "J. Phys. Conf. Ser.",
    volume = "331",
    pages = "072039",
    year = "2011"
}

@misc{CMS:2024les,
    collaboration = "CMS",
    title = "{Search for highly energetic double Higgs boson production in the two bottom quark and two vector boson all-hadronic final state}",
    reportNumber = "CMS-PAS-HIG-23-012",
    year = "2024"
}

@inproceedings{Salam:2010zt,
    author = "Salam, Gavin P.",
    title = "{Elements of QCD for hadron colliders}",
    booktitle = "{2009 European School of High-Energy Physics}",
    eprint = "1011.5131",
    archivePrefix = "arXiv",
    primaryClass = "hep-ph",
    month = "11",
    year = "2010"
}

@article{Anastasiou:2003ds,
    author = "Anastasiou, Charalampos and Dixon, Lance J. and Melnikov, Kirill and Petriello, Frank",
    title = "{High precision QCD at hadron colliders: Electroweak gauge boson rapidity distributions at NNLO}",
    eprint = "hep-ph/0312266",
    archivePrefix = "arXiv",
    reportNumber = "SLAC-PUB-10288, UH-511-1042-03",
    doi = "10.1103/PhysRevD.69.094008",
    journal = "Phys. Rev. D",
    volume = "69",
    pages = "094008",
    year = "2004"
}

@unpublished{Danziger:2021xvr,
    author = {Danziger, Katharina and H\"oche, Stefan and Siegert, Frank},
    title = "{Reducing negative weights in Monte Carlo event generation with Sherpa}",
    eprint = "2110.15211",
    archivePrefix = "arXiv",
    primaryClass = "hep-ph",
    reportNumber = "MCNET-21-30, FERMILAB-PUB-21-536-T",
    month = "10",
    year = "2021"
}

@article{Alwall:2014hca,
    author = "Alwall, J. and Frederix, R. and Frixione, S. and Hirschi, V. and Maltoni, F. and Mattelaer, O. and Shao, H. -S. and Stelzer, T. and Torrielli, P. and Zaro, M.",
    title = "{The automated computation of tree-level and next-to-leading order differential cross sections, and their matching to parton shower simulations}",
    eprint = "1405.0301",
    archivePrefix = "arXiv",
    primaryClass = "hep-ph",
    reportNumber = "CERN-PH-TH-2014-064, CP3-14-18, LPN14-066, MCNET-14-09, ZU-TH-14-14",
    doi = "10.1007/JHEP07(2014)079",
    journal = "JHEP",
    volume = "07",
    pages = "079",
    year = "2014"
}

@article{Corcella:2000bw,
    author = "Corcella, G. and Knowles, I. G. and Marchesini, G. and Moretti, S. and Odagiri, K. and Richardson, P. and Seymour, M. H. and Webber, B. R.",
    title = "{HERWIG 6: An Event generator for hadron emission reactions with interfering gluons (including supersymmetric processes)}",
    eprint = "hep-ph/0011363",
    archivePrefix = "arXiv",
    reportNumber = "CAVENDISH-HEP-99-03, CERN-TH-2000-284, RAL-TR-2000-048",
    doi = "10.1088/1126-6708/2001/01/010",
    journal = "JHEP",
    volume = "01",
    pages = "010",
    year = "2001"
}

@article{Sjostrand:2014zea,
    author = {Sj\"ostrand, Torbj\"orn and Ask, Stefan and Christiansen, Jesper R. and Corke, Richard and Desai, Nishita and Ilten, Philip and Mrenna, Stephen and Prestel, Stefan and Rasmussen, Christine O. and Skands, Peter Z.},
    title = "{An introduction to PYTHIA 8.2}",
    eprint = "1410.3012",
    archivePrefix = "arXiv",
    primaryClass = "hep-ph",
    reportNumber = "LU-TP-14-36, MCNET-14-22, CERN-PH-TH-2014-190, FERMILAB-PUB-14-316-CD, DESY-14-178, SLAC-PUB-16122",
    doi = "10.1016/j.cpc.2015.01.024",
    journal = "Comput. Phys. Commun.",
    volume = "191",
    pages = "159--177",
    year = "2015"
}

@article{Sherpa:2019gpd,
    author = "Bothmann, Enrico and others",
    collaboration = "Sherpa",
    title = "{Event Generation with Sherpa 2.2}",
    eprint = "1905.09127",
    archivePrefix = "arXiv",
    primaryClass = "hep-ph",
    reportNumber = "FERMILAB-PUB-19-218-T, SLAC-PUB-17433, IPPP/19/42, MCNET-19-11",
    doi = "10.21468/SciPostPhys.7.3.034",
    journal = "SciPost Phys.",
    volume = "7",
    number = "3",
    pages = "034",
    year = "2019"
}

@article{Alwall:2007fs,
    author = "Alwall, Johan and others",
    title = "{Comparative study of various algorithms for the merging of parton showers and matrix elements in hadronic collisions}",
    eprint = "0706.2569",
    archivePrefix = "arXiv",
    primaryClass = "hep-ph",
    reportNumber = "SLAC-PUB-12604, CERN-PH-TH-2007-066, LU-TP-07-13, KA-TP-06-2007, DCPT-07-62, IPPP-07-31",
    doi = "10.1140/epjc/s10052-007-0490-5",
    journal = "Eur. Phys. J. C",
    volume = "53",
    pages = "473--500",
    year = "2008"
}

@book{Hoche:2018Lecture,
    author = "{Stefan H\"oche}",
    title = "{Introduction to Parton Showers}",
    year = "2018",
    url = "http://www.freacafe.de/dnl/talks/hangzhou_18-03.pdf",
    publisher = {School and Workshop on pQCD, West Lake},
    note = "[Online; accessed 29-October-2024]",
}

@book{Prestel:2018Lecture,
    author = "{Stefan Prestel}",
    title = "{The Lund Hadronization Model}",
    year = "2018",
    url = "https://indico.cern.ch/event/727283/contributions/3102176/attachments/1733412/2802604/talk20181013.pdf",
    publisher = {NuSTEC workshop, Gran Sasso Science Institute},
    note = "[Online; accessed 29-October-2024]",
}

@article{Andersson:1983ia,
    author = "Andersson, Bo and Gustafson, G. and Ingelman, G. and Sjostrand, T.",
    title = "{Parton Fragmentation and String Dynamics}",
    reportNumber = "LU-TP-83-10",
    doi = "10.1016/0370-1573(83)90080-7",
    journal = "Phys. Rept.",
    volume = "97",
    pages = "31--145",
    year = "1983"
}

@article{Fermi:1934hr,
    author = "Fermi, E.",
    title = "{An attempt of a theory of beta radiation. 1.}",
    reportNumber = "UCRL-TRANS-726",
    doi = "10.1007/BF01351864",
    journal = "Z. Phys.",
    volume = "88",
    pages = "161--177",
    year = "1934"
}

@article{GargamelleNeutrino:1973jyy,
    author = "Hasert, F. J. and others",
    collaboration = "Gargamelle Neutrino",
    title = "{Observation of Neutrino Like Interactions Without Muon Or Electron in the Gargamelle Neutrino Experiment}",
    doi = "10.1016/0370-2693(73)90499-1",
    journal = "Phys. Lett. B",
    volume = "46",
    pages = "138--140",
    year = "1973"
}

@article{UA1:1983crd,
    author = "Arnison, G. and others",
    collaboration = "UA1",
    title = "{Experimental Observation of Isolated Large Transverse Energy Electrons with Associated Missing Energy at $\sqrt{s}= 540$ GeV}",
    reportNumber = "CERN-EP-83-13",
    doi = "10.1016/0370-2693(83)91177-2",
    journal = "Phys. Lett. B",
    volume = "122",
    pages = "103--116",
    year = "1983"
}

@article{UA1:1983mne,
    author = "Arnison, G. and others",
    collaboration = "UA1",
    title = "{Experimental Observation of Lepton Pairs of Invariant Mass Around 95-GeV/c**2 at the CERN SPS Collider}",
    reportNumber = "CERN-EP-83-73",
    doi = "10.1016/0370-2693(83)90188-0",
    journal = "Phys. Lett. B",
    volume = "126",
    pages = "398--410",
    year = "1983"
}

@article{UA2:1983tsx,
    author = "Banner, M. and others",
    collaboration = "UA2",
    title = "{Observation of Single Isolated Electrons of High Transverse Momentum in Events with Missing Transverse Energy at the CERN anti-p p Collider}",
    reportNumber = "CERN-EP-83-25",
    doi = "10.1016/0370-2693(83)91605-2",
    journal = "Phys. Lett. B",
    volume = "122",
    pages = "476--485",
    year = "1983"
}

@article{UA2:1983mlz,
    author = "Bagnaia, P. and others",
    collaboration = "UA2",
    title = "{Evidence for $Z^{0} \to e^+ e^-$ at the CERN $\bar{p} p$ Collider}",
    reportNumber = "CERN-EP-83-112",
    doi = "10.1016/0370-2693(83)90744-X",
    journal = "Phys. Lett. B",
    volume = "129",
    pages = "130--140",
    year = "1983"
}

@article{CMS:2012qbp,
    author = "Chatrchyan, Serguei and others",
    collaboration = "CMS",
    title = "{Observation of a New Boson at a Mass of 125 GeV with the CMS Experiment at the LHC}",
    eprint = "1207.7235",
    archivePrefix = "arXiv",
    primaryClass = "hep-ex",
    reportNumber = "CMS-HIG-12-028, CERN-PH-EP-2012-220",
    doi = "10.1016/j.physletb.2012.08.021",
    journal = "Phys. Lett. B",
    volume = "716",
    pages = "30--61",
    year = "2012"
}

@article{ATLAS:2012yve,
    author = "Aad, Georges and others",
    collaboration = "ATLAS",
    title = "{Observation of a new particle in the search for the Standard Model Higgs boson with the ATLAS detector at the LHC}",
    eprint = "1207.7214",
    archivePrefix = "arXiv",
    primaryClass = "hep-ex",
    reportNumber = "CERN-PH-EP-2012-218",
    doi = "10.1016/j.physletb.2012.08.020",
    journal = "Phys. Lett. B",
    volume = "716",
    pages = "1--29",
    year = "2012"
}

@article{Dirac:1938mt,
    author = "Dirac, Paul A. M.",
    title = "{New basis for cosmology}",
    doi = "10.1098/rspa.1938.0053",
    journal = "Proc. Roy. Soc. Lond. A",
    volume = "165",
    pages = "199--208",
    year = "1938"
}

@article{Gell-Mann:1956iqa,
    author = "Gell-Mann, M.",
    title = "{The interpretation of the new particles as displaced charge multiplets}",
    doi = "10.1007/BF02748000",
    journal = "Nuovo Cim.",
    volume = "4",
    number = "S2",
    pages = "848--866",
    year = "1956"
}

@book{Wess:1992cp,
    author = "Wess, J. and Bagger, J.",
    title = "{Supersymmetry and supergravity}",
    isbn = "978-0-691-02530-8",
    publisher = "Princeton University Press",
    address = "Princeton, NJ, USA",
    year = "1992"
}

@article{Weinberg:1987dv,
    author = "Weinberg, Steven",
    title = "{Anthropic Bound on the Cosmological Constant}",
    reportNumber = "UTTG-06-87",
    doi = "10.1103/PhysRevLett.59.2607",
    journal = "Phys. Rev. Lett.",
    volume = "59",
    pages = "2607",
    year = "1987"
}

@book{Craig:2017Lecture,
    author = "{Nathaniel Craig}",
    title = "{Naturalness and New Approaches to the Hierarchy Problem}",
    year = "2017",
    url = "https://www.ias.edu/sites/default/files/pitp/craig.pdf",
    publisher = {Prospects in Theoretical Physics, Institute for Advanced Study},
    note = "[Online; accessed 30-October-2024]",
}

@article{Maki:1962mu,
    author = "Maki, Ziro and Nakagawa, Masami and Sakata, Shoichi",
    title = "{Remarks on the unified model of elementary particles}",
    doi = "10.1143/PTP.28.870",
    journal = "Prog. Theor. Phys.",
    volume = "28",
    pages = "870--880",
    year = "1962"
}

@article{CMS:2020xrn,
    author = "Sirunyan, Albert M and others",
    collaboration = "CMS",
    title = "{A measurement of the Higgs boson mass in the diphoton decay channel}",
    eprint = "2002.06398",
    archivePrefix = "arXiv",
    primaryClass = "hep-ex",
    reportNumber = "CMS-HIG-19-004, CERN-EP-2020-004",
    doi = "10.1016/j.physletb.2020.135425",
    journal = "Phys. Lett. B",
    volume = "805",
    pages = "135425",
    year = "2020"
}

@book{LHCHiggsCrossSectionWorkingGroup:2013rie,
    author = "Andersen, J R and others",
    editor = "Heinemeyer, S and Mariotti, C and Passarino, G and Tanaka, R",
    collaboration = "LHC Higgs Cross Section Working Group",
    title = "{Handbook of LHC Higgs Cross Sections: 3. Higgs Properties}",
    eprint = "1307.1347",
    archivePrefix = "arXiv",
    primaryClass = "hep-ph",
    reportNumber = "CERN-2013-004",
    doi = "10.5170/CERN-2013-004",
    month = "7",
    year = "2013"
}

@article{Reichert:2017puo,
    author = "Reichert, Manuel and Eichhorn, Astrid and Gies, Holger and Pawlowski, Jan M. and Plehn, Tilman and Scherer, Michael M.",
    title = "{Probing baryogenesis through the Higgs boson self-coupling}",
    eprint = "1711.00019",
    archivePrefix = "arXiv",
    primaryClass = "hep-ph",
    doi = "10.1103/PhysRevD.97.075008",
    journal = "Phys. Rev. D",
    volume = "97",
    number = "7",
    pages = "075008",
    year = "2018"
}

@article{Robens:2019kga,
    author = "Robens, Tania and Stefaniak, Tim and Wittbrodt, Jonas",
    title = "{Two-real-scalar-singlet extension of the SM: LHC phenomenology and benchmark scenarios}",
    eprint = "1908.08554",
    archivePrefix = "arXiv",
    primaryClass = "hep-ph",
    reportNumber = "DESY-19-142, DESY 19-142",
    doi = "10.1140/epjc/s10052-020-7655-x",
    journal = "Eur. Phys. J. C",
    volume = "80",
    number = "2",
    pages = "151",
    year = "2020"
}
