@article{Evans:2008zzb,
    editor = "Evans, Lyndon and Bryant, Philip",
    title = "{LHC Machine}",
    doi = "10.1088/1748-0221/3/08/S08001",
    journal = "JINST",
    volume = "3",
    pages = "S08001",
    year = "2008"
}

@misc{Mouche:1708847,
      author        = "Mouche, Philippe",
      title         = "{Overall view of the LHC. Vue d'ensemble du LHC}",
      year          = "2014",
      url           = "https://cds.cern.ch/record/1708847",
      note          = "General Photo",
}

@article{Bruning:2012zz,
    author = "Bruning, O. and Burkhardt, H. and Myers, S.",
    title = "{The Large Hadron Collider}",
    doi = "10.1016/j.ppnp.2012.03.001",
    journal = "Prog. Part. Nucl. Phys.",
    volume = "67",
    pages = "705--734",
    year = "2012"
}

@book{wolf1995handbook,
  title     = {Handbook of Ion Sources},
  author    = {Wolf, Bernhard},
  year      = {1995},
  publisher = {CRC Press},
  address   = {Boca Raton, FL},
  isbn      = {978-0849389072}
}

@article{Blewett:1971zzb,
    author = "Blewett, J. P.",
    editor = "Blewett, Myrtle Hildred and Vogt-Nilsen, Nils",
    title = "{200-GeV Intersecting Storage Accelerators}",
    journal = "eConf",
    volume = "C710920",
    pages = "501",
    year = "1971"
}

@misc{lhclumi,
    author = "{Rogelio Tomas Garcia}",
    title = "Luminosity forecasts",
    year = "2024",
    howpublished = "\url{https://lhc-commissioning.web.cern.ch/schedule/hl-lhc-plots.htm}",
    note = "[Online; accessed 10-November-2024]"
}

@misc{hllhcplan,
    author = "{CERN}",
    title = "{LHC / HL-LHC Plan}",
    month = "{October}",
    year = "2024",
    howpublished = "\url{https://hilumilhc.web.cern.ch/content/hl-lhc-project}",
    note = "[Online; accessed 3-December-2024]"
}

@book{Bruning:2015dfu,
    editor = {Br\"uning, Oliver and Rossi, Lucio},
    title = "{The High Luminosity Large Hadron Collider}: {the new machine for illuminating the mysteries of Universe}",
    doi = "10.1142/9581",
    isbn = "978-981-4675-46-8, 978-981-4678-14-8",
    volume = "24",
    year = "2015"
}

@article{CMS:2023gfb,
    author = "Hayrapetyan, Aram and others",
    collaboration = "CMS",
    title = "{Development of the CMS detector for the CERN LHC Run 3}",
    eprint = "2309.05466",
    archivePrefix = "arXiv",
    primaryClass = "physics.ins-det",
    reportNumber = "CMS-PRF-21-001, CERN-EP-2023-136",
    doi = "10.1088/1748-0221/19/05/P05064",
    journal = "JINST",
    volume = "19",
    number = "05",
    pages = "P05064",
    year = "2024"
}

@article{CMS:2016ngn,
    author = "Khachatryan, Vardan and others",
    collaboration = "CMS",
    title = "{The CMS trigger system}",
    eprint = "1609.02366",
    archivePrefix = "arXiv",
    primaryClass = "physics.ins-det",
    reportNumber = "CMS-TRG-12-001, CERN-EP-2016-160",
    doi = "10.1088/1748-0221/12/01/P01020",
    journal = "JINST",
    volume = "12",
    number = "01",
    pages = "P01020",
    year = "2017"
}

@techreport{CMS-PAS-HIG-20-011,
      collaboration = "CMS",
      title         = "{Combination of searches for nonresonant Higgs boson pair
                       production in proton-proton collisions at $\sqrt(s) = 13\TeV$}",
      institution   = "CERN",
      number        = "CMS-PAS-HIG-20-011",
      reportNumber  = "CMS-PAS-HIG-20-011",
      address       = "Geneva",
      year          = "2024",
      type          = "CMS Physics Analysis Summary",
      url           = "https://cds.cern.ch/record/2917252",
}

@misc{Riegler2013,
    author = "{Werner Riegler}",
    title = "{Particle Physics Instrumentation}",
    year = "2013",
    howpublished = "\url{https://indico.cern.ch/event/208901/contributions/1501073/attachments/323336/450953/Riegler_L1.pdf}",
    note = "[Online; accessed 12-November-2024]"
}

@incollection{bethe1953passage,
  title        = {Passage of Radiations Through Matter},
  author       = {Bethe, Hans A. and Ashkin, Julius},
  editor       = {Segr{\`e}, Emilio},
  booktitle    = {Experimental Nuclear Physics},
  volume       = {1},
  pages        = {166--357},
  publisher    = {John Wiley \& Sons},
  address      = {New York},
  year         = {1953}
}

@article{LHCb:2008vvz,
    author = "Alves, Jr., A. Augusto and others",
    collaboration = "LHCb",
    title = "{The LHCb Detector at the LHC}",
    reportNumber = "LHCb-DP-2008-001",
    doi = "10.1088/1748-0221/3/08/S08005",
    journal = "JINST",
    volume = "3",
    pages = "S08005",
    year = "2008"
}

@article{CMS:2008xjf,
    author = "Chatrchyan, S. and others",
    collaboration = "CMS",
    title = "{The CMS Experiment at the CERN LHC}",
    doi = "10.1088/1748-0221/3/08/S08004",
    journal = "JINST",
    volume = "3",
    pages = "S08004",
    year = "2008"
}

@techreport{CMS:2017lum,
    author = "Tumasyan, Armen and others",
    editor = "Klein, K.",
    collaboration = "CMS",
    title = "{The Phase-2 Upgrade of the CMS Tracker}",
    reportNumber = "CERN-LHCC-2017-009, CMS-TDR-014",
    doi = "10.17181/CERN.QZ28.FLHW",
    month = "6",
    year = "2017"
}

@misc{cmslumi2024,
    author = "{CMS Collaboration}",
    title = "{CMS Luminosity Public Results}",
    year = "2024",
    howpublished = "\url{https://twiki.cern.ch/twiki/bin/view/CMSPublic/LumiPublicResults}",
    note = "[Online; accessed 13-November-2024]"
}

@book{sparkes1994semiconductor,
  author    = {Sparkes, John},
  title     = {Semiconductor Devices},
  edition   = {2nd},
  year      = {1994},
  publisher = {CRC Press},
  address   = {Boca Raton, FL},
  pages     = {78},
  isbn      = {0-7487-7382-7}
}

@article{Nomerotski:2009zz,
    author = "Nomerotski, Andrei",
    editor = "Buzulutskov, A.",
    title = "{Silicon detectors for tracking and vertexing}",
    doi = "10.1016/j.nima.2008.08.020",
    journal = "Nucl. Instrum. Meth. A",
    volume = "598",
    pages = "33--40",
    year = "2009"
}

@article{BaselgaBacardit:2015iqn,
    author = "Baselga Bacardit, Marta",
    collaboration = "RD50",
    title = "{Radiation hard semiconductor devices for very high luminosity colliders}",
    doi = "10.22323/1.254.0032",
    journal = "PoS",
    volume = "VERTEX2015",
    pages = "032",
    year = "2015"
}

@article{CMS:2014pgm,
    author = "Chatrchyan, Serguei and others",
    collaboration = "CMS",
    title = "{Description and performance of track and primary-vertex reconstruction with the CMS tracker}",
    eprint = "1405.6569",
    archivePrefix = "arXiv",
    primaryClass = "physics.ins-det",
    reportNumber = "CMS-TRK-11-001, CERN-PH-EP-2014-070",
    doi = "10.1088/1748-0221/9/10/P10009",
    journal = "JINST",
    volume = "9",
    number = "10",
    pages = "P10009",
    year = "2014"
}

@article{Fruhwirth:1987fm,
    author = "Fruhwirth, R.",
    title = "{Application of Kalman filtering to track and vertex fitting}",
    reportNumber = "HEPHY-PUB-87-503",
    doi = "10.1016/0168-9002(87)90887-4",
    journal = "Nucl. Instrum. Meth. A",
    volume = "262",
    pages = "444--450",
    year = "1987"
}

@techreport{CMS:2016kkf,
    collaboration = "CMS",
    title = "{Identification of b quark jets at the CMS Experiment in the LHC Run 2}",
    reportNumber = "CMS-PAS-BTV-15-001",
    year = "2016"
}

@techreport{CMS:2023tlv,
    collaboration = "CMS",
    title = "{Performance of heavy-flavour jet identification in boosted topologies in proton-proton collisions at $\sqrt{s} = 13~\mathrm{TeV}$}",
    reportNumber = "CMS-PAS-BTV-22-001",
    year = "2023"
}

@misc{foudas2005studytrackingtriggerlevel,
      title={A Study for a Tracking Trigger at First Level for CMS at SLHC}, 
      author={C. Foudas and A. Rose and J. Jones and G. Hall},
      year={2005},
      eprint={physics/0510227},
      archivePrefix={arXiv},
      primaryClass={physics.ins-det},
      url={https://arxiv.org/abs/physics/0510227}, 
}

@mastersthesis{chambers2023neural,
  author       = {Chambers, Aidan D.},
  title        = {Neural-Network Based b-Tagging in the CMS Level 1 Trigger System},
  school       = {Massachusetts Institute of Technology},
  year         = {2023},
  month        = {June},
  type         = {Bachelor's Thesis},
  url          = {https://dspace.mit.edu/handle/1721.1/151433}
}

@article{Cooke:2022lbl,
    author = "Cooke, Charlotte",
    collaboration = "CMS",
    title = "{Upgrade of the CMS Barrel Electromagnetic Calorimeter for the High Luminosity LHC}",
    reportNumber = "CMS-CR-2022-097",
    doi = "10.3390/instruments6030029",
    journal = "Instruments",
    volume = "6",
    number = "3",
    pages = "29",
    year = "2022"
}

@article{CMS:2020xlg,
    author = "Sirunyan, Albert M and others",
    collaboration = "CMS",
    title = "{Reconstruction of signal amplitudes in the CMS electromagnetic calorimeter in the presence of overlapping proton-proton interactions}",
    eprint = "2006.14359",
    archivePrefix = "arXiv",
    primaryClass = "physics.ins-det",
    reportNumber = "CERN-EGM-18-001, CERN-EP-2020-105",
    doi = "10.1088/1748-0221/15/10/P10002",
    journal = "JINST",
    volume = "15",
    number = "10",
    pages = "P10002",
    year = "2020"
}

@article{CMS:2020uim,
    author = "Sirunyan, Albert M and others",
    collaboration = "CMS",
    title = "{Electron and photon reconstruction and identification with the CMS experiment at the CERN LHC}",
    eprint = "2012.06888",
    archivePrefix = "arXiv",
    primaryClass = "hep-ex",
    reportNumber = "CMS-EGM-17-001, CERN-EP-2020-219",
    doi = "10.1088/1748-0221/16/05/P05014",
    journal = "JINST",
    volume = "16",
    number = "05",
    pages = "P05014",
    year = "2021"
}

@techreport{Yates:2021dxs,
    author = "Yates, Brent R.",
    collaboration = "CMS",
    title = "{A CMS Level-1 Track Finder for the HL-LHC}",
    eprint = "2110.02826",
    archivePrefix = "arXiv",
    primaryClass = "physics.ins-det",
    month = "10",
    year = "2021"
}

@techreport{CMS:2017jpq,
    collaboration = "CMS",
    title = "{The Phase-2 Upgrade of the CMS Endcap Calorimeter}",
    reportNumber = "CERN-LHCC-2017-023, CMS-TDR-019",
    doi = "10.17181/CERN.IV8M.1JY2",
    year = "2017"
}

@Inbook{Quast2021,
    author="Quast, Thorben",
    title="{CMS Calorimeter Endcap Upgrade (HGCAL)}",
    bookTitle="Beam Test Calorimeter Prototypes for the CMS Calorimeter Endcap Upgrade: Qualification, Performance Validation and Fast Generative Modelling",
    year="2021",
    publisher="Springer International Publishing",
    pages="45--62",
    isbn="978-3-030-90202-5",
    doi="10.1007/978-3-030-90202-5_4",
    url="https://doi.org/10.1007/978-3-030-90202-5_4"
}

@article{CMSHGCAL:2023rsx,
    author = "Acar, B. and others",
    collaboration = "CMS HGCAL",
    title = "{Timing Performance of the CMS High Granularity Calorimeter Prototype}",
    eprint = "2312.14622",
    archivePrefix = "arXiv",
    primaryClass = "physics.ins-det",
    doi = "10.1088/1748-0221/19/04/P04015",
    journal = "JINST",
    volume = "19",
    number = "04",
    pages = "P04015",
    year = "2024"
}

@misc{Davis:2205172,
      author        = "Davis, Siona Ruth",
      collaboration = "CMS",
      title         = "{Interactive Slice of the CMS detector}",
      year          = "2016",
      url           = "https://cds.cern.ch/record/2205172",
}

@article{CMS:2009moq,
    author = "Chatrchyan, S and others",
    collaboration = "CMS",
    title = "{Precise Mapping of the Magnetic Field in the CMS Barrel Yoke using Cosmic Rays}",
    eprint = "0910.5530",
    archivePrefix = "arXiv",
    primaryClass = "physics.ins-det",
    reportNumber = "CMS-CFT-09-015",
    doi = "10.1088/1748-0221/5/03/T03021",
    journal = "JINST",
    volume = "5",
    pages = "T03021",
    year = "2010"
}

@misc{Maximilien:1020310,
      author        = "Maximilien Brice and Claudia Marcelloni",
      title         = "{Lowering the centre of CMS. Descente dans la caverne de
                       la partie centrale du détecteur de particules CMS (Compact
                       Muon Solenoid).}",
      year          = "2007",
      url           = "https://cds.cern.ch/record/1020310",
}

@techreport{CMS:2012tda,
    editor = "Mans, J. and others",
    collaboration = "CMS",
    title = "{CMS Technical Design Report for the Phase 1 Upgrade of the Hadron Calorimeter}",
    reportNumber = "CERN-LHCC-2012-015, CMS-TDR-010",
    doi = "10.2172/1151651",
    month = "9",
    year = "2012"
}

@article{Penzo:2009zz,
    author = "Penzo, A. and Onel, Y.",
    editor = "Fraternali, M. and Gaudio, Gabriella and Livan, Michele",
    collaboration = "CMS",
    title = "{The CMS-HF quartz fiber calorimeters}",
    doi = "10.1088/1742-6596/160/1/012014",
    journal = "J. Phys. Conf. Ser.",
    volume = "160",
    pages = "012014",
    year = "2009"
}

@techreport{CERN-LHCC-2017-011,
      collaboration = "CMS",
      title         = "{The Phase-2 Upgrade of the CMS Barrel Calorimeters}",
      institution   = "CERN",
      reportNumber  = "CERN-LHCC-2017-011, CMS-TDR-015",
      address       = "Geneva",
      year          = "2017",
      url           = "https://cds.cern.ch/record/2283187",
      note          = "This is the final version, approved by the LHCC",
}

@article{CMS:2023lqq,
    author = "Tumasyan, Armen and others",
    collaboration = "CMS",
    title = "{Performance of the local reconstruction algorithms for the CMS hadron calorimeter with Run 2 data}",
    eprint = "2306.10355",
    archivePrefix = "arXiv",
    primaryClass = "hep-ex",
    reportNumber = "CMS-PRF-22-001, CERN-EP-2023-093",
    doi = "10.1088/1748-0221/18/11/P11017",
    journal = "JINST",
    volume = "18",
    number = "11",
    pages = "P11017",
    year = "2023"
}

@article{CMS:2019hpr,
    author = "Sirunyan, Albert M and others",
    collaboration = "CMS",
    title = "{Calibration of the CMS hadron calorimeters using proton-proton collision data at $\sqrt{s} =$ 13 TeV}",
    eprint = "1910.00079",
    archivePrefix = "arXiv",
    primaryClass = "physics.ins-det",
    reportNumber = "CMS-PRF-18-001, CERN-EP-2019-179",
    doi = "10.1088/1748-0221/15/05/P05002",
    journal = "JINST",
    volume = "15",
    number = "05",
    pages = "P05002",
    year = "2020"
}

@article{CMS:2017yfk,
    author = "Sirunyan, A. M. and others",
    collaboration = "CMS",
    title = "{Particle-flow reconstruction and global event description with the CMS detector}",
    eprint = "1706.04965",
    archivePrefix = "arXiv",
    primaryClass = "physics.ins-det",
    reportNumber = "CMS-PRF-14-001, CERN-EP-2017-110",
    doi = "10.1088/1748-0221/12/10/P10003",
    journal = "JINST",
    volume = "12",
    number = "10",
    pages = "P10003",
    year = "2017"
}

@article{CMS:2018rym,
    author = "Sirunyan, A. M. and others",
    collaboration = "CMS",
    title = "{Performance of the CMS muon detector and muon reconstruction with proton-proton collisions at $\sqrt{s}=$ 13 TeV}",
    eprint = "1804.04528",
    archivePrefix = "arXiv",
    primaryClass = "physics.ins-det",
    reportNumber = "CMS-MUO-16-001, CERN-EP-2018-058",
    doi = "10.1088/1748-0221/13/06/P06015",
    journal = "JINST",
    volume = "13",
    number = "06",
    pages = "P06015",
    year = "2018"
}

@article{CMS:2013vyz,
    author = "Chatrchyan, Serguei and others",
    collaboration = "CMS",
    title = "{The Performance of the CMS Muon Detector in Proton-Proton Collisions at $\sqrt{s}$ = 7 TeV at the LHC}",
    eprint = "1306.6905",
    archivePrefix = "arXiv",
    primaryClass = "physics.ins-det",
    reportNumber = "CMS-MUO-11-001, CERN-PH-EP-2013-072",
    doi = "10.1088/1748-0221/8/11/P11002",
    journal = "JINST",
    volume = "8",
    pages = "P11002",
    year = "2013"
}

@techreport{Hebbeker:2017bix,
    author = "Hebbeker, Thomas and Korytov, Andrey",
    collaboration = "CMS",
    title = "{The Phase-2 Upgrade of the CMS Muon Detectors}",
    reportNumber = "CERN-LHCC-2017-012, CMS-TDR-016",
    month = "9",
    year = "2017"
}

@article{Pellecchia:2023aev,
    author = "Pellecchia, Antonello",
    collaboration = "CMS Muon",
    title = "{The upgrade of the CMS muon system for the high luminosity LHC}",
    eprint = "2312.05939",
    archivePrefix = "arXiv",
    primaryClass = "physics.ins-det",
    doi = "10.1088/1748-0221/19/02/C02077",
    journal = "JINST",
    volume = "19",
    number = "02",
    pages = "C02077",
    year = "2024"
}

@techreport{Calzaferri:2912038,
      author        = "Calzaferri, Simone",
      collaboration = "CMS",
      title         = "{Operation of CMS GE1/1 GEM detectors in Run-3}",
      institution   = "CERN",
      reportNumber  = "CMS-CR-2024-210",
      address       = "Geneva",
      year          = "2024",
      url           = "https://cds.cern.ch/record/2912038",
}

@article{Pandolfi:2019ehi,
    author = "Pandolfi, Francesco",
    editor = "Roig Garc\'es, Pablo and Bautista Guzman, Irais and Fern\'andez T\'ellez, Arturo and Mart\'\i{}nez Hern\'andez, Mario Iv\'an",
    collaboration = "CMS",
    title = "{CMS timing detectors in Phase-2}",
    doi = "10.22323/1.350.0250",
    journal = "PoS",
    volume = "LHCP2019",
    pages = "250",
    year = "2019"
}

@techreport{Soffi:2840966,
      author        = "Soffi, Livia",
      collaboration = "CMS",
      title         = "{Physics opportunities with a MIP Timing Detector in CMS
                       at HL-LHC}",
      institution   = "CERN",
      reportNumber  = "CMS-CR-2022-199",
      address       = "Geneva",
      year          = "2023",
      url           = "https://cds.cern.ch/record/2840966",
      doi           = "10.22323/1.414.0688",
}

@techreport{Butler:2019rpu,
    author = "Butler, Joel N. and Tabarelli de Fatis, Tommaso",
    collaboration = "CMS",
    title = "{A MIP Timing Detector for the CMS Phase-2 Upgrade}",
    reportNumber = "CERN-LHCC-2019-003, CMS-TDR-020",
    year = "2019"
}

@article{CMS:2022lqh,
    author = "Tumasyan, Armen and others",
    collaboration = "CMS",
    title = "{Search for resonances decaying to three W bosons in proton-proton collisions at $\sqrt{s}$ = 13 TeV}",
    eprint = "2201.08476",
    archivePrefix = "arXiv",
    primaryClass = "hep-ex",
    reportNumber = "CMS-B2G-20-001, CERN-EP-2021-270",
    doi = "10.1103/PhysRevLett.129.021802",
    journal = "Phys. Rev. Lett.",
    volume = "129",
    number = "2",
    pages = "021802",
    year = "2022"
}

