@inproceedings{10.5555/1622943.1622971,
  address   = {San Francisco, CA, USA},
  author    = {Barrow, H. G. and Tenenbaum, J. M. and Bolles, R. C. and Wolf, H. C.},
  booktitle = {Proceedings of the 5th International Joint Conference on Artificial Intelligence (KJCAI)},
  location  = {Cambridge, MA, USA},
  numpages  = {5},
  pages     = {659},
  publisher = {Morgan Kaufmann Publishers Inc.},
  title     = {Parametric Correspondence and {Chamfer} Matching: Two New Techniques for Image Matching},
  url       = {https://www.ijcai.org/Proceedings/77-2/Papers/024.pdf},
  volume    = {2},
  year      = {1977}
}


@article{AE-anomaly,
  archiveprefix = {arXiv},
  author        = {Canelli, Florencia and de Cosa, Annapaola and Pottier, Luc Le and Niedziela, Jeremi and Pedro, Kevin and Pierini, Maurizio},
  doi           = {10.1007/JHEP02(2022)074},
  eprint        = {2112.02864},
  journal       = {JHEP},
  pages         = {074},
  primaryClassRemove  = {hep-ph},
  title         = {{Autoencoders for semivisible jet detection}},
  volume        = {02},
  year          = {2022}
}

@inproceedings{AE-data-compression-1,
  archiveprefix = {arXiv},
  author        = {Collins, Jack H.},
  booktitle     = {ICLR workshop Deep Generative Models for Highly Structured Data},
  eprint        = {2109.10919},
  primaryClassRemove  = {hep-ph},
  reportnumber  = {SLAC-PUB-17622},
  title         = {{An Exploration of Learnt Representations of W Jets}},
  year          = {2021}
}

@article{AE-data-compression-2,
  archiveprefix = {arXiv},
  author        = {Monk, J. W.},
  doi           = {10.1007/JHEP12(2018)021},
  eprint        = {1807.03685},
  journal       = {JHEP},
  pages         = {021},
  primaryClassRemove  = {hep-ph},
  title         = {{Deep Learning as a Parton Shower}},
  volume        = {12},
  year          = {2018}
}

@unpublished{AE-review-1,
  author = {Bank, Dor and Koenigstein, Noam and Giryes, Raja},
  eprint = {2003.05991},
  title  = {Autoencoders},
  year   = {2020}
}

@unpublished{AE-review-2,
  author = {Tschannen, Michael and Bachem, Olivier and Lucic, Mario},
  eprint = {1812.05069},
  title  = {Recent Advances in Autoencoder-Based Representation Learning},
  year   = {2018}
}


@article{Atkinson:2021nlt,
  archiveprefix = {arXiv},
  author        = {Atkinson, Oliver and Bhardwaj, Akanksha and Englert, Christoph and Ngairangbam, Vishal S. and Spannowsky, Michael},
  doi           = {10.1007/JHEP08(2021)080},
  eprint        = {2105.07988},
  journal       = {JHEP},
  pages         = {080},
  primaryClassRemove  = {hep-ph},
  reportnumber  = {IPPP/20/102},
  title         = {{Anomaly detection with convolutional Graph Neural Networks}},
  volume        = {08},
  year          = {2021}
}



@article{Atkinson:2022uzb,
  archiveprefix = {arXiv},
  author        = {Atkinson, Oliver and Bhardwaj, Akanksha and Englert, Christoph and Konar, Partha and Ngairangbam, Vishal S. and Spannowsky, Michael},
  doi           = {10.3389/frai.2022.943135},
  eprint        = {2204.12231},
  journal       = {Front. AI},
  pages         = {943135},
  primaryClassRemove  = {hep-ph},
  title         = {{IRC-Safe Graph Autoencoder for Unsupervised Anomaly Detection}},
  volume        = {5},
  year          = {2022}
}


@article{autoencoders,
  author  = {G. E. Hinton  and R. R. Salakhutdinov },
  doi     = {10.1126/science.1127647},
  journal = {Science},
  number  = {5786},
  pages   = {504},
  title   = {Reducing the Dimensionality of Data with Neural Networks},
  volume  = {313},
  year    = {2006}
}

@article{Belayneh:2019vyx,
  archiveprefix = {arXiv},
  author        = {Belayneh, Dawit and others},
  doi           = {10.1140/epjc/s10052-020-8251-9},
  eprint        = {1912.06794},
  journal       = {Eur. Phys. J. C},
  pages         = {688},
  primaryClassRemove  = {physics.ins-det},
  reportnumber  = {FERMILAB-PUB-20-448-CMS},
  title         = {{Calorimetry with deep learning: particle simulation and reconstruction for collider physics}},
  volume        = {80},
  year          = {2020}
}





@unpublished{bronstein2021geometric,
  author = {Michael M. Bronstein and Joan Bruna and Taco Cohen and Petar Veli{\v{c}}kovi{\'{c}}},
  eprint = {2104.13478},
  title  = {Geometric Deep Learning: Grids, Groups, Graphs, Geodesics, and Gauges},
  year   = {2021}
}

@article{Bury:2020ewi,
  archiveprefix = {arXiv},
  author        = {Bury, Florian and Delaere, Christophe},
  doi           = {10.1007/JHEP04(2021)020},
  eprint        = {2008.10949},
  journal       = {JHEP},
  pages         = {020},
  primaryClassRemove  = {hep-ex},
  reportnumber  = {CP3-20-37},
  title         = {{Matrix element regression with deep neural networks \textemdash{} Breaking the CPU barrier}},
  volume        = {04},
  year          = {2021}
}

@article{Butter_2018,
  archiveprefix = {arXiv},
  author        = {Butter, Anja and Kasieczka, Gregor and Plehn, Tilman and Russell, Michael},
  doi           = {10.21468/SciPostPhys.5.3.028},
  eprint        = {1707.08966},
  journal       = {SciPost Phys.},
  pages         = {028},
  primaryClassRemove  = {hep-ph},
  title         = {{Deep-learned Top Tagging with a Lorentz Layer}},
  volume        = {5},
  year          = {2018}
}


@article{Carleo_2019,
  archiveprefix = {arXiv},
  author        = {Carleo, Giuseppe and Cirac, Ignacio and Cranmer, Kyle and Daudet, Laurent and Schuld, Maria and Tishby, Naftali and Vogt-Maranto, Leslie and Zdeborov\'a, Lenka},
  doi           = {10.1103/RevModPhys.91.045002},
  eprint        = {1903.10563},
  journal       = {Rev. Mod. Phys.},
  number        = {4},
  pages         = {045002},
  primaryClassRemove  = {physics.comp-ph},
  title         = {{Machine learning and the physical sciences}},
  volume        = {91},
  year          = {2019}
}

@article{Cerri:2018anq,
  archiveprefix = {arXiv},
  author        = {Cerri, Olmo and Nguyen, Thong Q. and Pierini, Maurizio and Spiropulu, Maria and Vlimant, Jean-Roch},
  doi           = {10.1007/JHEP05(2019)036},
  eprint        = {1811.10276},
  journal       = {JHEP},
  pages         = {036},
  primaryClassRemove  = {hep-ex},
  title         = {{Variational Autoencoders for New Physics Mining at the Large Hadron Collider}},
  volume        = {05},
  year          = {2019}
}


@inproceedings{Cohen-group-equivariance,
  address   = {New York, New York, USA},
  author    = {Cohen, Taco and Welling, Max},
  booktitle = {Proceedings of The 33rd International Conference on Machine Learning},
  editor    = {Balcan, Maria Florina and Weinberger, Kilian Q.},
  eprint    = {1602.07576},
  pages     = {2990},
  pdf       = {http://proceedings.mlr.press/v48/cohenc16.pdf},
  publisher = {PMLR},
  series    = {Proceedings of Machine Learning Research},
  title     = {Group Equivariant Convolutional Networks},
  url       = { http://proceedings.mlr.press/v48/cohenc16.html },
  volume    = {48},
  year      = {2016}
}


@article{de_Oliveira_2017,
  archiveprefix = {arXiv},
  author        = {de Oliveira, Luke and Paganini, Michela and Nachman, Benjamin},
  doi           = {10.1007/s41781-017-0004-6},
  eprint        = {1701.05927},
  journal       = {Comput. Softw. Big Sci.},
  number        = {1},
  pages         = {4},
  primaryClassRemove  = {stat.ML},
  title         = {{Learning Particle Physics by Example: Location-Aware Generative Adversarial Networks for Physics Synthesis}},
  volume        = {1},
  year          = {2017}
}

@article{Dillon-lower-dimension,
  archiveprefix = {arXiv},
  author        = {Dillon, Barry M. and Kasieczka, Gregor and Olischlager, Hans and Plehn, Tilman and Sorrenson, Peter and Vogel, Lorenz},
  doi           = {10.21468/SciPostPhys.12.6.188},
  eprint        = {2108.04253},
  journal       = {SciPost Phys.},
  number        = {6},
  pages         = {188},
  primaryClassRemove  = {hep-ph},
  title         = {{Symmetries, safety, and self-supervision}},
  volume        = {12},
  year          = {2022}
}

@incollection{Duarte:2020ngm,
  archiveprefix = {arXiv},
  author        = {Duarte, Javier and Vlimant, Jean-Roch},
  booktitle     = {Artificial Intelligence for Particle Physics},
  doi           = {10.1142/12200},
  eprint        = {2012.01249},
  journal       = {Int. J. Mod. Phys. A},
  note          = {Submitted to \emph{Int. J. Mod. Phys. A}},
  primaryClassRemove  = {hep-ph},
  publisher     = {World Scientific Publishing},
  title         = {Graph Neural Networks for Particle Tracking and Reconstruction},
  year          = {2020}
}


@inproceedings{E(2)-Equivariant,
  author    = {Weiler, Maurice and Cesa, Gabriele},
  booktitle = {Advances in Neural Information Processing Systems},
  editor    = {H. Wallach and H. Larochelle and A. Beygelzimer and F. d\textquotesingle Alch\'{e}-Buc and E. Fox and R. Garnett},
  pages     = {},
  publisher = {Curran Associates, Inc.},
  title     = {General {E}(2)-Equivariant Steerable {CNNs}},
  url       = {https://proceedings.neurips.cc/paper/2019/file/45d6637b718d0f24a237069fe41b0db4-Paper.pdf},
  volume    = {32},
  year      = {2019}
}

@article{E3-equivariant,
  author        = {Batzner, Simon and Musaelian, Albert and Sun, Lixin and Geiger, Mario and Mailoa, Jonathan P. and Kornbluth, Mordechai and Molinari, Nicola and Smidt, Tess E. and Kozinsky, Boris},
  bdsk-url-1    = {https://doi.org/10.1038/s41467-022-29939-5},
  date          = {2022/05/04},
  date-added    = {2022-11-07 19:32:22 -0800},
  date-modified = {2022-11-07 19:32:22 -0800},
  doi           = {10.1038/s41467-022-29939-5},
  id            = {Batzner2022},
  isbn          = {2041-1723},
  journal       = {Nature Communications},
  number        = {1},
  pages         = {2453},
  title         = {E(3)-equivariant graph neural networks for data-efficient and accurate interatomic potentials},
  url           = {https://doi.org/10.1038/s41467-022-29939-5},
  volume        = {13},
  year          = {2022}
}


@misc{e3cnn,
  author    = {Geiger, Mario and Smidt, Tess},
  copyright = {Creative Commons Attribution 4.0 International},
  doi       = {10.48550/ARXIV.2207.09453},
  publisher = {arXiv},
  title     = {e3nn: Euclidean Neural Networks},
  url       = {https://arxiv.org/abs/2207.09453},
  year      = {2022}
}


@article{efn,
  archiveprefix = {arXiv},
  author        = {Komiske, Patrick T. and Metodiev, Eric M. and Thaler, Jesse},
  doi           = {10.1007/JHEP01(2019)121},
  eprint        = {1810.05165},
  journal       = {JHEP},
  pages         = {121},
  primaryClassRemove  = {hep-ph},
  reportnumber  = {MIT-CTP 5064},
  title         = {{Energy Flow Networks: Deep Sets for Particle Jets}},
  volume        = {01},
  year          = {2019}
}

@misc{equivariance-Fourier-Anderson,
  author    = {Anderson, Brandon and Hy, Truong-Son and Kondor, Risi},
  copyright = {arXiv.org perpetual, non-exclusive license},
  doi       = {10.48550/ARXIV.1906.04015},
  publisher = {arXiv},
  title     = {Cormorant: Covariant Molecular Neural Networks},
  url       = {https://arxiv.org/abs/1906.04015},
  year      = {2019}
}


@misc{equivariance-Fourier-Kondor,
  author    = {Kondor, Risi and Lin, Zhen and Trivedi, Shubhendu},
  copyright = {arXiv.org perpetual, non-exclusive license},
  doi       = {10.48550/ARXIV.1806.09231},
  publisher = {arXiv},
  title     = {{Clebsch-Gordan Nets}: a Fully {Fourier} Space Spherical Convolutional Neural Network},
  url       = {https://arxiv.org/abs/1806.09231},
  year      = {2018}
}

@inproceedings{equivariance-kernel-Cohen,
 author = {Cohen, Taco S and Geiger, Mario and Weiler, Maurice},
 booktitle = {Advances in Neural Information Processing Systems},
 editor = {H. Wallach and H. Larochelle and A. Beygelzimer and F. d'Alch\'{e}-Buc and E. Fox and R. Garnett},
 pages = {},
 publisher = {Curran Associates, Inc.},
 title = {A General Theory of Equivariant CNNs on Homogeneous Spaces},
 url = {https://proceedings.neurips.cc/paper_files/paper/2019/file/b9cfe8b6042cf759dc4c0cccb27a6737-Paper.pdf},
 volume = {32},
 year = {2019}
}


@inproceedings{equivariance-kernel-Finzi,
  title = "Generalizing convolutional neural networks for equivariance to lie groups on arbitrary continuous data",
  author = "Marc Finzi and Samuel Stanton and Pavel Izmailov and Wilson, {Andrew Gordon}",
  year = "2020",
  pages = "3146--3157",
  editor = "Hal Daume and Aarti Singh",
  booktitle = "37th International Conference on Machine Learning",
  eprint={2002.12880},
  archivePrefix={arXiv},
}

@inproceedings{Fan_2017_CVPR,
  archiveprefix = {arXiv},
  author        = {Fan, Haoqiang and Su, Hao and Guibas, Leonidas J.},
  booktitle     = {2017 IEEE Conference on Computer Vision and Pattern Recognition (CVPR)},
  doi           = {10.1109/CVPR.2017.264},
  eprint        = {1612.00603},
  month         = {6},
  pages         = {2463},
  primaryClassRemove  = {cs.CV},
  title         = {A Point Set Generation Network for {3D} Object Reconstruction From a Single Image},
  year          = {2017}
}


@article{Farina-anomaly,
  archiveprefix = {arXiv},
  author        = {Farina, Marco and Nakai, Yuichiro and Shih, David},
  doi           = {10.1103/PhysRevD.101.075021},
  eprint        = {1808.08992},
  journal       = {Phys. Rev. D},
  pages         = {075021},
  primaryClassRemove  = {hep-ph},
  title         = {{Searching for New Physics with Deep Autoencoders}},
  volume        = {101},
  year          = {2020}
}

@article{Finke-anomaly,
  archiveprefix = {arXiv},
  author        = {Finke, Thorben and Kr\"amer, Michael and Morandini, Alessandro and M\"uck, Alexander and Oleksiyuk, Ivan},
  doi           = {10.1007/JHEP06(2021)161},
  eprint        = {2104.09051},
  journal       = {JHEP},
  pages         = {161},
  primaryClassRemove  = {hep-ph},
  reportnumber  = {TTK-21-12},
  title         = {{Autoencoders for unsupervised anomaly detection in high energy physics}},
  volume        = {06},
  year          = {2021}
}


@inproceedings{Finzi-arbitary-group-equivariance,
  archiveprefix = {arXiv},
  author        = {{Finzi}, Marc and {Welling}, Max and {Wilson}, Andrew Gordon},
  booktitle     = {Proceedings of the 38th International Conference on Machine Learning},
  editor        = {Meila, Marina and Zhang, Tong},
  eprint        = {2104.09459},
  pages         = {3318},
  primaryClassRemove  = {cs.LG},
  publisher     = {PMLR},
  series        = {Proceedings of Machine Learning Research},
  title         = {A Practical Method for Constructing Equivariant Multilayer Perceptrons for Arbitrary Matrix Groups},
  url           = {https://proceedings.mlr.press/v139/finzi21a.html},
  volume        = {139},
  year          = {2021}
}

@book{gelfand1963,
  address   = {Oxford, England},
  author    = {I. M. Gelfand, R. A. Minlos, G. Cummins },
  publisher = {Pergamon Press},
  title     = {Representations of the Rotation and Lorentz Groups and Their Applications},
  year      = 1963
}


@inproceedings{GNN_Review,
  archiveprefix = {arXiv},
  author        = {Thais, Savannah and Calafiura, Paolo and Chachamis, Grigorios and DeZoort, Gage and Duarte, Javier and Ganguly, Sanmay and Kagan, Michael and Murnane, Daniel and Neubauer, Mark S. and Terao, Kazuhiro},
  booktitle     = {{2022 Snowmass Summer Study}},
  eprint        = {2203.12852},
  month         = {3},
  primaryClassRemove  = {hep-ex},
  title         = {{Graph Neural Networks in Particle Physics: Implementations, Innovations, and Challenges}},
  year          = {2022}
}

@article{Govorkova:2021utb,
  archiveprefix = {arXiv},
  author        = {Govorkova, Ekaterina and others},
  doi           = {10.1038/s42256-022-00441-3},
  eprint        = {2108.03986},
  journal       = {Nat. Mach. Intell.},
  pages         = {154},
  primaryClassRemove  = {physics.ins-det},
  reportnumber  = {FERMILAB-PUB-21-487-CMS, FERMILAB-PUB-21-487-CMS},
  title         = {{Autoencoders on field-programmable gate arrays for real-time, unsupervised new physics detection at 40 MHz at the Large Hadron Collider}},
  volume        = {4},
  year          = {2022}
}

@article{Guest_2018,
  archiveprefix = {arXiv},
  author        = {Guest, Dan and Cranmer, Kyle and Whiteson, Daniel},
  doi           = {10.1146/annurev-nucl-101917-021019},
  eprint        = {1806.11484},
  journal       = {Ann. Rev. Nucl. Part. Sci.},
  pages         = {161},
  primaryClassRemove  = {hep-ex},
  title         = {{Deep Learning and its Application to LHC Physics}},
  volume        = {68},
  year          = {2018}
}

@article{Guglielmo,
  archiveprefix = {arXiv},
  author        = {Di Guglielmo, Giuseppe and others},
  doi           = {10.1109/TNS.2021.3087100},
  eprint        = {2105.01683},
  journal       = {IEEE Trans. Nucl. Sci.},
  number        = {8},
  pages         = {2179},
  primaryClassRemove  = {physics.ins-det},
  reportnumber  = {FERMILAB-PUB-21-217-CMS-E-SCD},
  title         = {{A Reconfigurable Neural Network ASIC for Detector Front-End Data Compression at the HL-LHC}},
  volume        = {68},
  year          = {2021}
}

@article{Heimel:2018mkt,
  archiveprefix = {arXiv},
  author        = {Heimel, Theo and Kasieczka, Gregor and Plehn, Tilman and Thompson, Jennifer M.},
  doi           = {10.21468/SciPostPhys.6.3.030},
  eprint        = {1808.08979},
  journal       = {SciPost Phys.},
  number        = {3},
  pages         = {030},
  primaryClassRemove  = {hep-ph},
  title         = {{QCD or What?}},
  volume        = {6},
  year          = {2019}
}

@misc{hepmllivingreview,
  archiveprefix = {arXiv},
  author        = {{HEP ML Community}},
  eprint        = {2102.02770},
  primaryClassRemove  = {hep-ph},
  title         = {A Living Review of Machine Learning for Particle Physics},
  url           = {https://iml-wg.github.io/HEPML-LivingReview/},
  year          = {2021}
}
@article{hungarian,
  author  = {Kuhn, H. W.},
  doi     = {10.1002/nav.3800020109},
  journal = {Naval Research Logistics Quarterly},
  pages   = {83},
  title   = {The {Hungarian} method for the assignment problem},
  volume  = {2},
  year    = {1955}
}

@inproceedings{interaction-network,
  archiveprefix = {arXiv},
  author        = {Peter W. Battaglia and
                   Razvan Pascanu and
                   Matthew Lai and
                   Danilo Jimenez Rezende and
                   Koray Kavukcuoglu},
  booktitle     = {{Advances in Neural Information Processing Systems}},
  editor        = {D. D. Lee and M. Sugiyama and U. V. Luxburg and I. Guyon and R. Garnett},
  eprint        = {1612.00222},
  pages         = {4502},
  publisher     = {Curran Associates, Inc.},
  title         = {{Interaction Networks for Learning about Objects, Relations and Physics}},
  url           = {https://proceedings.neurips.cc/paper/2016/file/3147da8ab4a0437c15ef51a5cc7f2dc4-Paper.pdf},
  volume        = {29},
  year          = 2016
}


@article{larkoski2020jet,
  archiveprefix = {arXiv},
  author        = {Larkoski, Andrew J. and Moult, Ian and Nachman, Benjamin},
  doi           = {10.1016/j.physrep.2019.11.001},
  eprint        = {1709.04464},
  journal       = {Phys. Rept.},
  pages         = {1},
  primaryClassRemove  = {hep-ph},
  title         = {{Jet Substructure at the Large Hadron Collider: A Review of Recent Advances in Theory and Machine Learning}},
  volume        = {841},
  year          = {2020}
}


@misc{jetnetdataset,
  author    = {Kansal, Raghav and
               Duarte, Javier and
               Su, Hao and
               Orzari, Breno and
               Tomei, Thiago and
               Pierini, Maurizio and
               Touranakou, Mary and
               Vlimant, Jean-Roch and
               Gunopulos, Dimitrios},
  doi       = {10.5281/zenodo.6975118},
  publisher = {Zenodo},
  title     = {JetNet},
  version   = 2,
  year      = 2022
}

@misc{jetnetlibrary,
  author    = {Raghav Kansal and
               Carlos Pareja and
               Javier Duarte},
  doi       = {10.5281/zenodo.7067466},
  publisher = {Zenodo},
  title     = {jet-net/{JetNet}: v0.2.1.post2},
  url       = {https://github.com/jet-net/JetNet},
  version   = {v0.2.1.post2},
  year      = 2022
}

@article{JonkerVolgenant,
  author  = {Jonker, R. and Volgenant, A.},
  date    = {1987/12/01},
  doi     = {10.1007/BF02278710},
  id      = {Jonker1987},
  isbn    = {1436-5057},
  journal = {Computing},
  pages   = {325},
  title   = {A shortest augmenting path algorithm for dense and sparse linear assignment problems},
  volume  = {38},
  year    = {1987}
}

@article{Kasieczka:2021xcg,
  archiveprefix = {arXiv},
  author        = {Kasieczka, Gregor and others},
  doi           = {10.1088/1361-6633/ac36b9},
  eprint        = {2101.08320},
  journal       = {Rept. Prog. Phys.},
  number        = {12},
  pages         = {124201},
  primaryClassRemove  = {hep-ph},
  title         = {{The LHC Olympics 2020 a community challenge for anomaly detection in high energy physics}},
  volume        = {84},
  year          = {2021}
}

@article{Konar:2021zdg,
  archiveprefix = {arXiv},
  author        = {Konar, Partha and Ngairangbam, Vishal S. and Spannowsky, Michael},
  doi           = {10.1007/JHEP02(2022)060},
  eprint        = {2109.14636},
  journal       = {JHEP},
  pages         = {060},
  primaryClassRemove  = {hep-ph},
  reportnumber  = {IPPP/21/33},
  title         = {{Energy-weighted message passing: an infra-red and collinear safe graph neural network algorithm}},
  volume        = {02},
  year          = {2022}
}

@unpublished{Li:2022xfc,
  archiveprefix = {arXiv},
  author        = {Li, Congqiao and Qu, Huilin and Qian, Sitian and Meng, Qi and Gong, Shiqi and Zhang, Jue and Liu, Tie-Yan and Li, Qiang},
  eprint        = {2208.07814},
  primaryClassRemove  = {hep-ph},
  title         = {{Does Lorentz-symmetric design boost network performance in jet physics?}},
  year          = {2022}
}

@article{LorentzNet,
  archiveprefix = {arXiv},
  author        = {Gong, Shiqi and Meng, Qi and Zhang, Jue and Qu, Huilin and Li, Congqiao and Qian, Sitian and Du, Weitao and Ma, Zhi-Ming and Liu, Tie-Yan},
  doi           = {10.1007/JHEP07(2022)030},
  eprint        = {2201.08187},
  journal       = {JHEP},
  pages         = {030},
  primaryClassRemove  = {hep-ph},
  title         = {{An efficient Lorentz equivariant graph neural network for jet tagging}},
  volume        = {07},
  year          = {2022}
}

@unpublished{neural-embedding,
  archiveprefix = {arXiv},
  author        = {Park, Sang Eon and Harris, Philip and Ostdiek, Bryan},
  eprint        = {2208.05484},
  primaryClassRemove  = {hep-ph},
  title         = {{Neural Embedding: Learning the Embedding of the Manifold of Physics Data}},
  year          = {2022}
}

@article{Ngairangbam:2021yma,
  archiveprefix = {arXiv},
  author        = {Ngairangbam, Vishal S. and Spannowsky, Michael and Takeuchi, Michihisa},
  doi           = {10.1103/PhysRevD.105.095004},
  eprint        = {2112.04958},
  journal       = {Phys. Rev. D},
  pages         = {095004},
  primaryClassRemove  = {hep-ph},
  reportnumber  = {OU-HET-1125, IPPP/21/54},
  title         = {{Anomaly detection in high-energy physics using a quantum autoencoder}},
  volume        = {105},
  year          = {2022}
}


@article{Paganini_2018,
  archiveprefix = {arXiv},
  author        = {Paganini, Michela and de Oliveira, Luke and Nachman, Benjamin},
  doi           = {10.1103/PhysRevLett.120.042003},
  eprint        = {1705.02355},
  journal       = {Phys. Rev. Lett.},
  pages         = {042003},
  primaryClassRemove  = {hep-ex},
  title         = {{Accelerating Science with Generative Adversarial Networks: An Application to 3D Particle Showers in Multilayer Calorimeters}},
  volume        = {120},
  year          = {2018}
}

@article{Coleman:2017fiq,
    author = "Coleman, Evan and Freytsis, Marat and Hinzmann, Andreas and Narain, Meenakshi and Thaler, Jesse and Tran, Nhan and Vernieri, Caterina",
    title = "{The importance of calorimetry for highly-boosted jet substructure}",
    eprint = "1709.08705",
    archivePrefix = "arXiv",
    primaryClass = "hep-ph",
    reportNumber = "FERMILAB-PUB-17-347-E, MIT-CTP-4935",
    doi = "10.1088/1748-0221/13/01/T01003",
    journal = "JINST",
    volume = "13",
    number = "01",
    pages = "T01003",
    year = "2018"
}
@inproceedings{tsan2021particle,
  archiveprefix = {arXiv},
  author        = {Tsan, Steven and Kansal, Raghav and Aportela, Anthony and Diaz, Daniel and Duarte, Javier and Krishna, Sukanya and Mokhtar, Farouk and Vlimant, Jean-Roch and Pierini, Maurizio},
  booktitle     = {{4th Machine Learning and the Physical Sciences Workshop at the 35th Conference on Neural Information Processing Systems}},
  eprint        = {2111.12849},
  primaryClassRemove  = {physics.data-an},
  title         = {{Particle Graph Autoencoders and Differentiable, Learned Energy Mover's Distance}},
  url           = {https://ml4physicalsciences.github.io/2021/files/NeurIPS_ML4PS_2021_98.pdf},
  year          = {2021}
}

@inproceedings{Pol:2020weg,
  archiveprefix = {arXiv},
  author        = {Pol, Adrian Alan and Berger, Victor and Cerminara, Gianluca and Germain, Cecile and Pierini, Maurizio},
  booktitle     = {{18th International Conference on Machine Learning and Applications}},
  eprint        = {2010.05531},
  primaryClassRemove  = {cs.LG},
  title         = {{Anomaly Detection With Conditional Variational Autoencoders}},
  year          = {2020}
}


@incollection{pytorch,
  author    = {Paszke, Adam and others},
  booktitle = {Advances in Neural Information Processing Systems},
  eprint    = {1912.01703},
  pages     = {8024},
  publisher = {Curran Associates, Inc.},
  title     = {{PyTorch}: {An} Imperative Style, High-Performance Deep Learning Library},
  url       = {http://papers.neurips.cc/paper/9015-pytorch-an-imperative-style-high-performance-deep-learning-library.pdf},
  volume    = {32},
  year      = {2019}
}


@article{QUAK,
  archiveprefix = {arXiv},
  author        = {Park, Sang Eon and Rankin, Dylan and Udrescu, Silviu-Marian and Yunus, Mikaeel and Harris, Philip},
  doi           = {10.1007/JHEP06(2021)030},
  eprint        = {2011.03550},
  journal       = {JHEP},
  pages         = {030},
  primaryClassRemove  = {hep-ph},
  title         = {{Quasi Anomalous Knowledge: Searching for new physics with embedded knowledge}},
  volume        = {21},
  year          = {2020}
}

@article{Radovic_2018,
  author       = {Radovic, Alexander and Williams, Mike and Rousseau, David and Kagan, Michael and Bonacorsi, Daniele and Himmel, Alexander and Aurisano, Adam and Terao, Kazuhiro and Wongjirad, Taritree},
  doi          = {10.1038/s41586-018-0361-2},
  journal      = {Nature},
  number       = {7716},
  pages        = {41},
  reportnumber = {FERMILAB-PUB-18-436-ND},
  title        = {{Machine learning at the energy and intensity frontiers of particle physics}},
  volume       = {560},
  year         = {2018}
}

@inproceedings{Raghav_GAN,
  archiveprefix = {arXiv},
  author        = {Kansal, Raghav and Duarte, Javier and Orzari, Breno and Tomei, Thiago and Pierini, Maurizio and Touranakou, Mary and Vlimant, Jean-Roch and Gunopoulos, Dimitrios},
  booktitle     = {{3rd Machine Learning and the Physical Sciences Workshop at the 34th Conference on Neural Information Processing Systems}},
  eprint        = {2012.00173},
  primaryClassRemove  = {physics.data-an},
  title         = {Graph Generative Adversarial Networks for Sparse Data Generation in High Energy Physics},
  url           = {https://ml4physicalsciences.github.io/2020/files/NeurIPS_ML4PS_2020_104.pdf},
  year          = {2020}
}

@article{rumelhart1986rnn,
  author  = {Rumelhart, David E. and Hinton, Geoffrey E. and Williams, Ronald J.},
  doi     = {10.1038/323533a0},
  journal = {Nature},
  number  = {6088},
  pages   = {533},
  title   = {Learning representations by back-propagating errors},
  volume  = {323},
  year    = {1986}
}


@article{Shlomi:2020gdn,
  archiveprefix = {arXiv},
  author        = {Shlomi, Jonathan and Battaglia, Peter and Vlimant, Jean-Roch},
  doi           = {10.1088/2632-2153/abbf9a},
  eprint        = {2007.13681},
  month         = {7},
  primaryClassRemove  = {hep-ex},
  title         = {{Graph Neural Networks in Particle Physics}},
  year          = {2020},
  journal = {Machine Learning: Science and Technology},
}

@unpublished{sim-VAE-1,
  archiveprefix = {arXiv},
  author        = {Dohi, Kosei},
  eprint        = {2009.04842},
  primaryClassRemove  = {hep-ph},
  title         = {{Variational Autoencoders for Jet Simulation}},
  year          = {2020}
}

@article{sim-VAE-2,
  archiveprefix = {arXiv},
  author        = {Touranakou, Mary and Chernyavskaya, Nadezda and Duarte, Javier and Gunopulos, Dimitrios and Kansal, Raghav and Orzari, Breno and Pierini, Maurizio and Tomei, Thiago and Vlimant, Jean-Roch},
  doi           = {10.1088/2632-2153/ac7c56},
  eprint        = {2203.00520},
  journal       = {Mach. Learn.: Sci. Technol.},
  pages         = {035003},
  primaryClassRemove  = {physics.comp-ph},
  title         = {{Particle-based fast jet simulation at the LHC with variational autoencoders}},
  volume        = {3},
  year          = {2022}
}

@article{SO(3)-Equivariant,
  author  = {Esteves, Carlos and Allen-Blanchette, Christine and Makadia, Ameesh and Daniilidis, Kostas},
  doi     = {10.1007/s11263-019-01220-1},
  issn    = {1573-1405},
  journal = {Int. J. Comput. Vis.},
  number  = {3},
  pages   = {588},
  title   = {Learning {SO}(3) Equivariant Representations with Spherical {CNN}s},
  volume  = {128},
  year    = {2020}
}

@article{tagging-CNN,
  archiveprefix = {arXiv},
  author        = {Macaluso, Sebastian and Shih, David},
  doi           = {10.1007/JHEP10(2018)121},
  eprint        = {1803.00107},
  journal       = {JHEP},
  pages         = {121},
  primaryClassRemove  = {hep-ph},
  title         = {{Pulling Out All the Tops with Computer Vision and Deep Learning}},
  volume        = {10},
  year          = {2018}
}

@unpublished{tagging-DNN,
  archiveprefix = {arXiv},
  author        = {Pearkes, Jannicke and Fedorko, Wojciech and Lister, Alison and Gay, Colin},
  eprint        = {1704.02124},
  month         = {4},
  primaryClassRemove  = {hep-ex},
  title         = {{Jet Constituents for Deep Neural Network Based Top Quark Tagging}},
  year          = {2017}
}

@unpublished{thomas2018tensor,
  archiveprefix = {arXiv},
  author        = {{Thomas}, Nathaniel and {Smidt}, Tess and {Kearnes}, Steven and {Yang}, Lusann and {Li}, Li and {Kohlhoff}, Kai and {Riley}, Patrick},
  eprint        = {1802.08219},
  primaryClassRemove  = {cs.LG},
  title         = {Tensor field networks: Rotation- and translation-equivariant neural networks for {3D} point clouds},
  year          = 2018
}

@inproceedings{track-recons-DNNs,
  archiveprefix = {arXiv},
  author        = {Farrell, Steven and others},
  booktitle     = {{4th International Workshop Connecting The Dots 2018}},
  eprint        = {1810.06111},
  primaryClassRemove  = {hep-ex},
  reportnumber  = {FERMILAB-CONF-18-598-CD},
  title         = {{Novel deep learning methods for track reconstruction}},
  year          = {2018}
}

@article{track-recons-IN,
  archiveprefix = {arXiv},
  author        = {DeZoort, Gage and Thais, Savannah and Duarte, Javier and Razavimaleki, Vesal and Atkinson, Markus and Ojalvo, Isobel and Neubauer, Mark and Elmer, Peter},
  doi           = {10.1007/s41781-021-00073-z},
  eprint        = {2103.16701},
  journal       = {Comput. Softw. Big Sci.},
  pages         = {26},
  primaryClassRemove  = {hep-ex},
  title         = {{Charged Particle Tracking via Edge-Classifying Interaction Networks}},
  volume        = {5},
  year          = {2021}
}

@inproceedings{VAE,
  author    = {Kingma, Diederik P and Welling, Max},
  booktitle = {2nd International Conference on Learning Representations, {ICLR}, Conference Track Proceedings},
  editor    = {Yoshua Bengio and
               Yann LeCun},
  eprint    = {1312.6114},
  title     = {Auto-Encoding Variational Bayes},
  year      = {2014}
}

@article{VAE-anomaly-latent-space,
  archiveprefix = {arXiv},
  author        = {Bortolato, Bla\v{z} and Smolkovi{\v{c}}, Aleks and Dillon, Barry M. and Kamenik, Jernej F.},
  doi           = {10.1103/PhysRevD.105.115009},
  eprint        = {2103.06595},
  journal       = {Phys. Rev. D},
  pages         = {115009},
  primaryClassRemove  = {hep-ph},
  title         = {{Bump hunting in latent space}},
  volume        = {105},
  year          = {2022}
}

@article{VAE-anomaly-VAE,
  archiveprefix = {arXiv},
  author        = {Cheng, Taoli and Arguin, Jean-Fran\c{c}ois and Leissner-Martin, Julien and Pilette, Jacinthe and Golling, Tobias},
  eprint        = {2007.01850},
  journal          = {Phys. Rev. D},
  primaryClassRemove  = {hep-ph},
  title         = {{Variational Autoencoders for Anomalous Jet Tagging}},
  year          = {2020}
}

@inproceedings{walters2021trajectory,
  archiveprefix = {arXiv},
  author        = {Robin Walters and Jinxi Li and Rose Yu},
  booktitle     = {International Conference on Learning Representations},
  eprint        = {2010.11344},
  primaryClassRemove  = {cs.LG},
  title         = {Trajectory Prediction using Equivariant Continuous Convolution},
  url           = {https://openreview.net/forum?id=J8_GttYLFgr},
  year          = {2021}
}

@inproceedings{Zhang2020FSPool,
  archiveprefix = {arXiv},
  author        = {Yan Zhang and Jonathon Hare and Adam Pr\"{u}gel-Bennett},
  booktitle     = {8th International Conference on Learning Representations},
  eprint        = {1906.02795},
  primaryClassRemove  = {cs.LG},
  title         = {{FSPool}: Learning Set Representations with Featurewise Sort Pooling},
  url           = {https://openreview.net/forum?id=HJgBA2VYwH},
  year          = {2020}
}

@misc{LGAE_code,
    title={Lorentz Group Equivariance Autoencoders},
    DOI={10.5281/zenodo.7434838},
    abstractNote={A Lorentz group equivariant autoencoder based on Lorentz Group Network},
    publisher={Zenodo},
    author={Hao, Zichun and Kansal, Raghav and Duarte, Javier and Chernyavskaya, Nadezda},
    year={2022},
    month={Dec}
}

@misc{GNNAE_code,
    title={Graph Neural Network Autoencoders for Jets},
    DOI={10.5281/zenodo.7453769},
    publisher={Zenodo},
    author={Hao, Zichun and Kansal, Raghav and Duarte, Javier and Chernyavskaya, Nadezda},
    year={2022},
    month={Dec}
}

@article{Baldi:2014kfa,
    author = "Baldi, Pierre and Sadowski, Peter and Whiteson, Daniel",
    title = "{Searching for Exotic Particles in High-Energy Physics with Deep Learning}",
    eprint = "1402.4735",
    archivePrefix = "arXiv",
    primaryClassRemove = "hep-ph",
    doi = "10.1038/ncomms5308",
    journal = "Nature Commun.",
    volume = "5",
    pages = "4308",
    year = "2014"
}

@article{Baldi:2014pta,
    author = "Baldi, Pierre and Sadowski, Peter and Whiteson, Daniel",
    title = "{Enhanced Higgs Boson to $\tau^+\tau^-$ Search with Deep Learning}",
    eprint = "1410.3469",
    archivePrefix = "arXiv",
    primaryClassRemove = "hep-ph",
    doi = "10.1103/PhysRevLett.114.111801",
    journal = "Phys. Rev. Lett.",
    volume = "114",
    number = "11",
    pages = "111801",
    year = "2015"
}



@article{alwall_madgraph5,
    author = "Alwall, J. and Frederix, R. and Frixione, S. and Hirschi, V. and Maltoni, F. and Mattelaer, O. and Shao, H. -S. and Stelzer, T. and Torrielli, P. and Zaro, M.",
    title = "{The automated computation of tree-level and next-to-leading order differential cross sections, and their matching to parton shower simulations}",
    eprint = "1405.0301",
    archivePrefix = "arXiv",
    primaryClassRemove = "hep-ph",
    reportNumber = "CERN-PH-TH-2014-064, CP3-14-18, LPN14-066, MCNET-14-09, ZU-TH-14-14",
    doi = "10.1007/JHEP07(2014)079",
    journal = "JHEP",
    volume = "07",
    pages = "079",
    year = "2014"
}

@ARTICLE{pythia,
      author         = "Sj{\"{o}}strand, Torbj{\"{o}}rn and Ask, Stefan and Christiansen,
                        Jesper R. and Corke, Richard and Desai, Nishita and Ilten,
                        Philip and Mrenna, Stephen and Prestel, Stefan and
                        Rasmussen, Christine O. and Skands, Peter Z.",
      title          = "{An introduction to {\PYTHIA8.2}}",
      journal        = "Comput. Phys. Commun.",
      volume         = "191",
      year           = "2015",
      pages          = "159",
      doi            = "10.1016/j.cpc.2015.01.024",
      eprint         = "1410.3012",
      archivePrefix  = "arXiv",
      primaryClassRemoveREMOVE   = "hep-ph",
      reportNumber   = "LU-TP-14-36, MCNET-14-22, CERN-PH-TH-2014-190,
                        FERMILAB-PUB-14-316-CD, DESY-14-178, SLAC-PUB-16122",
      SLACcitation   = "%%CITATION = ARXIV:1410.3012;%%"
}

@article{antikt,
      author         = "Cacciari, Matteo and Salam, Gavin P. and Soyez, Gregory",
      title          = "{The anti-$k_{\mathrm{T}}$ jet clustering algorithm}",
      journal        = "JHEP",
      volume         = "04",
      year           = "2008",
      pages          = "063",
      doi            = "10.1088/1126-6708/2008/04/063",
      eprint         = "0802.1189",
      archivePrefix  = "arXiv",
      primaryClassRemove   = "hep-ph",
      reportNumber   = "LPTHE-07-03",
      SLACcitation   = "%%CITATION = ARXIV:0802.1189;%%"
}


@misc{vilone_xaireview,
      title={Explainable Artificial Intelligence: a Systematic Review},
      author={Giulia Vilone and Luca Longo},
      year={2020},
      eprint={2006.00093},
      archivePrefix={arXiv},
      primaryClassRemove={cs.AI}
}

@article{minh_xaireview,
author = {Minh, Dang and Wang, H. Xiang and Li, Y. Fen and Nguyen, Tan N.},
title = {Explainable Artificial Intelligence: A Comprehensive Review},
year = {2022},
issue_date = {Jun 2022},
publisher = {Kluwer Academic Publishers},
address = {USA},
volume = {55},
number = {5},
issn = {0269-2821},
url = {https://doi.org/10.1007/s10462-021-10088-y},
doi = {10.1007/s10462-021-10088-y},
journal = {Artif. Intell. Rev.},
month = {jun},
pages = {3503–3568},
numpages = {66},
}

@article{farina_cnnae,
  title = {Searching for new physics with deep autoencoders},
  author = {Farina, Marco and Nakai, Yuichiro and Shih, David},
  journal = {Phys. Rev. D},
  volume = {101},
  issue = {7},
  pages = {075021},
  numpages = {13},
  year = {2020},
  month = {Apr},
  publisher = {American Physical Society},
  doi = {10.1103/PhysRevD.101.075021},
  url = {https://link.aps.org/doi/10.1103/PhysRevD.101.075021}
}

@misc{tensorflow2015-whitepaper,
  title={ {TensorFlow}: Large-Scale Machine Learning on Heterogeneous Systems},
  url={https://www.tensorflow.org/},
  note={Software available from tensorflow.org},
  author={Mart\'{i}n~Abadi and others},
  year={2015},
}
