@article{Buhmann:2023pmh,
  archiveprefix = {arXiv},
  author        = {Buhmann, Erik and Kasieczka, Gregor and Thaler, Jesse},
  doi           = {10.21468/SciPostPhys.15.4.130},
  eprint        = {2301.08128},
  journal       = {SciPost Phys.},
  pages         = {130},
  primaryclass  = {hep-ph},
  reportnumber  = {MIT-CTP 5519},
  title         = {{EPiC-GAN: Equivariant Point Cloud Generation for Particle Jets}},
  volume        = {15},
  year          = {2023}
}


@article{Chen:2021euv,
  archiveprefix = {arXiv},
  author        = {Chen, Yifan and others},
  doi           = {10.1038/s41597-021-01109-0},
  eprint        = {2108.02214},
  journal       = {Sci. Data},
  pages         = {31},
  primaryclass  = {hep-ex},
  title         = {{A FAIR and AI-ready Higgs boson decay dataset}},
  volume        = {9},
  year          = {2022}
}


@article{Hao:2022zns,
  archiveprefix = {arXiv},
  author        = {Hao, Zichun and Kansal, Raghav and Duarte, Javier and Chernyavskaya, Nadezda},
  doi           = {10.1140/epjc/s10052-023-11633-5},
  eprint        = {2212.07347},
  journal       = {Eur. Phys. J. C},
  number        = {6},
  pages         = {485},
  primaryclass  = {hep-ex},
  reportnumber  = {FERMILAB-PUB-22-963-V},
  title         = {{Lorentz group equivariant autoencoders}},
  volume        = {83},
  year          = {2023}
}

@misc{jax2018github,
  author  = {James Bradbury and Roy Frostig and Peter Hawkins and Matthew James Johnson and Chris Leary and Dougal Maclaurin and George Necula and Adam Paszke and Jake Vander{P}las and Skye Wanderman-{M}ilne and Qiao Zhang},
  title   = {{JAX}: composable transformations of {P}ython+{N}um{P}y programs},
  url     = {http://github.com/google/jax},
  version = {0.3.13},
  year    = {2018}
}

@unpublished{Kach:2023rqw,
  archiveprefix = {arXiv},
  author        = {Kach, Benno and Melzer-Pellmann, Isabell},
  eprint        = {2305.15254},
  primaryclass  = {hep-ex},
  title         = {{Attention to Mean-Fields for Particle Cloud Generation}},
  year          = {2023}
}

@misc{kansal_raghav_2022_6975118,
  author    = {Kansal, Raghav and
               Duarte, Javier and
               Su, Hao and
               Orzari, Breno and
               Tomei, Thiago and
               Pierini, Maurizio and
               Touranakou, Mary and
               Vlimant, Jean-Roch and
               Gunopulos, Dimitrios},
  doi       = {10.5281/zenodo.6975118},
  publisher = {Zenodo},
  title     = {JetNet},
  url       = {https://doi.org/10.5281/zenodo.6975118},
  version   = {2},
  year      = {2022}
}

@inproceedings{Kansal:2021cqp,
  archiveprefix = {arXiv},
  author        = {Kansal, Raghav and Duarte, Javier and Su, Hao and Orzari, Breno and Tomei, Thiago and Pierini, Maurizio and Touranakou, Mary and Vlimant, Jean-Roch and Gunopulos, Dimitrios},
  booktitle     = {{Advances in Neural Information Processing Systems}},
  eprint        = {2106.11535},
  primaryclass  = {cs.LG},
  publisher     = {Curran Associates, Inc.},
  title         = {Particle Cloud Generation with Message Passing Generative Adversarial Networks},
  url           = {https://papers.neurips.cc/paper_files/paper/2021/file/c8512d142a2d849725f31a9a7a361ab9-Paper.pdf},
  volume        = {34},
  year          = {2021}
}

@article{Kansal:2022spb,
  archiveprefix = {arXiv},
  author        = {Kansal, Raghav and Li, Anni and Duarte, Javier and Chernyavskaya, Nadezda and Pierini, Maurizio and Orzari, Breno and Tomei, Thiago},
  doi           = {10.1103/PhysRevD.107.076017},
  eprint        = {2211.10295},
  journal       = {Phys. Rev. D},
  number        = {7},
  pages         = {076017},
  primaryclass  = {hep-ex},
  reportnumber  = {FERMILAB-PUB-22-872-CMS-PPD},
  title         = {{Evaluating generative models in high energy physics}},
  volume        = {107},
  year          = {2023}
}

@misc{kasieczka_gregor_2019_2603256,
  author    = {Kasieczka, Gregor and
               Plehn, Tilman and
               Thompson, Jennifer and
               Russel, Michael},
  doi       = {10.5281/zenodo.2603256},
  publisher = {Zenodo},
  title     = {Top Quark Tagging Reference Dataset},
  url       = {https://doi.org/10.5281/zenodo.2603256},
  version   = {v0 (2018\_03\_27)},
  year      = {2019}
}

@article{Kasieczka:2019dbj,
  archiveprefix = {arXiv},
  author        = {Butter, Anja and others},
  doi           = {10.21468/SciPostPhys.7.1.014},
  editor        = {Kasieczka, Gregor and Plehn, Tilman},
  eprint        = {1902.09914},
  journal       = {SciPost Phys.},
  pages         = {014},
  primaryclass  = {hep-ph},
  title         = {{The Machine Learning landscape of top taggers}},
  volume        = {7},
  year          = {2019}
}

@misc{komiske_patrick_2019_3164691,
  author    = {Komiske, Patrick and
               Metodiev, Eric and
               Thaler, Jesse},
  doi       = {10.5281/zenodo.3164691},
  publisher = {Zenodo},
  title     = {Pythia8 Quark and Gluon Jets for Energy Flow},
  url       = {https://doi.org/10.5281/zenodo.3164691},
  version   = {v1},
  year      = 2019
}

@article{Komiske:2019jim,
  archiveprefix = {arXiv},
  author        = {Komiske, Patrick T. and Mastandrea, Radha and Metodiev, Eric M. and Naik, Preksha and Thaler, Jesse},
  doi           = {10.1103/PhysRevD.101.034009},
  eprint        = {1908.08542},
  journal       = {Phys. Rev. D},
  number        = {3},
  pages         = {034009},
  primaryclass  = {hep-ph},
  reportnumber  = {MIT-CTP 5129},
  title         = {{Exploring the Space of Jets with CMS Open Data}},
  volume        = {101},
  year          = {2020}
}

@article{Leigh:2023toe,
    author = "Leigh, Matthew and Sengupta, Debajyoti and Qu\'etant, Guillaume and Raine, John Andrew and Zoch, Knut and Golling, Tobias",
    title = "{PC-JeDi: Diffusion for particle cloud generation in high energy physics}",
    eprint = "2303.05376",
    archivePrefix = "arXiv",
    primaryClass = "hep-ph",
    doi = "10.21468/SciPostPhys.16.1.018",
    journal = "SciPost Phys.",
    volume = "16",
    number = "1",
    pages = "018",
    year = "2024"
}

@article{Mikuni:2023dvk,
  archiveprefix = {arXiv},
  author        = {Mikuni, Vinicius and Nachman, Benjamin and Pettee, Mariel},
  doi           = {10.1103/PhysRevD.108.036025},
  eprint        = {2304.01266},
  journal       = {Phys. Rev. D},
  number        = {3},
  pages         = {036025},
  primaryclass  = {hep-ph},
  title         = {{Fast point cloud generation with diffusion models in high energy physics}},
  volume        = {108},
  year          = {2023}
}

@inproceedings{NEURIPS2019_9015,
  archiveprefix = {arXiv},
  author        = {Paszke, Adam and Gross, Sam and Massa, Francisco and Lerer, Adam and Bradbury, James and Chanan, Gregory and Killeen, Trevor and Lin, Zeming and Gimelshein, Natalia and Antiga, Luca and Desmaison, Alban and Kopf, Andreas and Yang, Edward and DeVito, Zachary and Raison, Martin and Tejani, Alykhan and Chilamkurthy, Sasank and Steiner, Benoit and Fang, Lu and Bai, Junjie and Chintala, Soumith},
  booktitle     = {Advances in Neural Information Processing Systems},
  editor        = {H. Wallach and H. Larochelle and A. Beygelzimer and F. d\textquotesingle Alch\'{e}-Buc and E. Fox and R. Garnett},
  eprint        = {1912.01703},
  pages         = {8024},
  publisher     = {Curran Associates, Inc.},
  title         = {PyTorch: An Imperative Style, High-Performance Deep Learning Library},
  url           = {http://papers.neurips.cc/paper/9015-pytorch-an-imperative-style-high-performance-deep-learning-library.pdf},
  volume        = {32},
  year          = {2019}
}

@misc{Zenodo,
  author    = {{European Organization For Nuclear Research} and {OpenAIRE}},
  doi       = {10.25495/7GXK-RD71},
  keywords  = {FOS: Physical sciences, Publication, Dataset},
  publisher = {CERN},
  title     = {Zenodo},
  url       = {https://www.zenodo.org/},
  year      = {2013}
}
