
@article{Dawson:1998py,
    author = "Dawson, S. and Dittmaier, S. and Spira, M.",
    title = "{Neutral Higgs boson pair production at hadron colliders: QCD corrections}",
    eprint = "hep-ph/9805244",
    archivePrefix = "arXiv",
    reportNumber = "DESY-98-028, BNL-HET-98-15, CERN-TH-98-135",
    doi = "10.1103/PhysRevD.58.115012",
    journal = "Phys. Rev. D",
    volume = "58",
    pages = "115012",
    year = "1998"
}
@article{Borowka:2016ehy,
    author = "Borowka, S. and Greiner, N. and Heinrich, G. and Jones, S.P. and Kerner, M. and Schlenk, J. and Schubert, U. and Zirke, T.",
    title = "{Higgs Boson Pair Production in Gluon Fusion at Next-to-Leading Order with Full Top-Quark Mass Dependence}",
    eprint = "1604.06447",
    archivePrefix = "arXiv",
    primaryClass = "hep-ph",
    reportNumber = "MPP-2016-80, NSF-KITP-16-040, ZH-TH-14-16",
    doi = "10.1103/PhysRevLett.117.079901",
    journal = "Phys. Rev. Lett.",
    volume = "117",
    number = "1",
    pages = "012001",
    year = "2016",
    note = "[Erratum: Phys.Rev.Lett. 117, 079901 (2016)]"
}

@article{deFlorian:2013jea,
      author         = "de Florian, Daniel and Mazzitelli, Javier",
      title          = "{Higgs Boson Pair Production at Next-to-Next-to-Leading
                        Order in QCD}",
      journal        = "Phys. Rev. Lett.",
      volume         = "111",
      year           = "2013",
      pages          = "201801",
      doi            = "10.1103/PhysRevLett.111.201801",
      eprint         = "1309.6594",
      archivePrefix  = "arXiv",
      primaryClass   = "hep-ph",
      SLACcitation   = "%%CITATION = ARXIV:1309.6594;%%"
}
@article{Baglio:2012np,
      author         = "Baglio, J. and Djouadi, A. and Gröber, R. and
                        Mühlleitner, M.M. and Quevillon, J. and others",
      title          = "{The measurement of the Higgs self-coupling at the LHC:
                        theoretical status}",
      journal        = "JHEP",
      volume         = "1304",
      pages          = "151",
      doi            = "10.1007/JHEP04(2013)151",
      year           = "2013",
      eprint         = "1212.5581",
      archivePrefix  = "arXiv",
      primaryClass   = "hep-ph",
      reportNumber   = "KA-TP-44-2012, SFB-CPP-12-102, LPT-ORSAY-12-124,
                        PSI-PR-12-10",
      SLACcitation   = "%%CITATION = ARXIV:1212.5581;%%",
}

@article{Shao:2013bz,
    author = "Shao, Ding Yu and Li, Chong Sheng and Li, Hai Tao and Wang, Jian",
    title = "{Threshold resummation effects in Higgs boson pair production at the LHC}",
    eprint = "1301.1245",
    archivePrefix = "arXiv",
    primaryClass = "hep-ph",
    doi = "10.1007/JHEP07(2013)169",
    journal = "JHEP",
    volume = "07",
    pages = "169",
    year = "2013"
}

@ARTICLE{Sirunyan:2020hwz,
  AUTHOR = {Sirunyan, Albert M and others},
  EPRINT = {2006.13251},
  EPRINTCLASS = {hep-ex},
  EPRINTTYPE = {arXiv},
  volume = {12},
  pages = {85},
  journal = {JHEP},
  doi = {10.1007/JHEP12(2020)085},
  YEAR = {2020},
  TITLE = {{Inclusive search for highly boosted Higgs bosons decaying to bottom quark-antiquark pairs in proton-proton collisions at $\sqrt{s} = 13\TeV$}},
  collaboration = {CMS},
  reportNumber = "CMS-HIG-19-003, CERN-EP-2020-107",
}

@article{deFlorian:2015moa,
    author = "de Florian, Daniel and Mazzitelli, Javier",
    title = "{Higgs pair production at next-to-next-to-leading logarithmic accuracy at the LHC}",
    eprint = "1505.07122",
    archivePrefix = "arXiv",
    primaryClass = "hep-ph",
    doi = "10.1007/JHEP09(2015)053",
    journal = "JHEP",
    volume = "09",
    pages = "053",
    year = "2015"
}

@article{Grazzini:2018bsd,
    author = "Grazzini, Massimiliano and Heinrich, Gudrun and Jones, Stephen and Kallweit, Stefan and Kerner, Matthias and Lindert, Jonas M. and Mazzitelli, Javier",
    title = "{Higgs boson pair production at NNLO with top quark mass effects}",
    eprint = "1803.02463",
    archivePrefix = "arXiv",
    primaryClass = "hep-ph",
    reportNumber = "CERN-TH-2018-044, IPPP/18/15, MPP-2018-30, ZU-TH 10/18, IPPP-18-15, ZU-TH-10-18",
    doi = "10.1007/JHEP05(2018)059",
    journal = "JHEP",
    volume = "05",
    pages = "059",
    year = "2018"
}

@article{Frederix:2014hta,
    author = "Frederix, R. and Frixione, S. and Hirschi, V. and Maltoni, F. and Mattelaer, O. and Torrielli, P. and Vryonidou, E. and Zaro, M.",
    title = "{Higgs pair production at the LHC with NLO and parton-shower effects}",
    eprint = "1401.7340",
    archivePrefix = "arXiv",
    primaryClass = "hep-ph",
    reportNumber = "CERN-PH-TH-2014-014, CP3-14-07, ZU-TH03-14, LPN14-055",
    doi = "10.1016/j.physletb.2014.03.026",
    journal = "Phys. Lett. B",
    volume = "732",
    pages = "142--149",
    year = "2014"
}

@article{Liu-Sheng:2014gxa,
    author = "Ling, Liu-Sheng and Zhang, Ren-You and Ma, Wen-Gan and Guo, Lei and Li, Wei-Hua and Li, Xiao-Zhou",
    title = "{NNLO QCD corrections to Higgs pair production via vector boson fusion at hadron colliders}",
    eprint = "1401.7754",
    archivePrefix = "arXiv",
    primaryClass = "hep-ph",
    doi = "10.1103/PhysRevD.89.073001",
    journal = "Phys. Rev. D",
    volume = "89",
     number = "7",
    pages = "073001",
    year = "2014"
}

@article{Qu:2019gqs,
    author = "Qu, Huilin and Gouskos, Loukas",
    title = "{ParticleNet: Jet Tagging via Particle Clouds}",
    eprint = "1902.08570",
    archivePrefix = "arXiv",
    primaryClass = "hep-ph",
    doi = "10.1103/PhysRevD.101.056019",
    journal = "Phys. Rev. D",
    volume = "101",
    number = "5",
    pages = "056019",
    year = "2020"
}


@article{Moreno:2019bmu,
 author = {Moreno, Eric A. and Cerri, Olmo and Duarte, Javier M. and Newman, Harvey B. and Nguyen, Thong Q. and Periwal, Avikar and Pierini, Maurizio and Serikova, Aidana and Spiropulu, Maria and Vlimant, Jean-Roch},
 date = {2020-01},
 doi = {10.1140/epjc/s10052-020-7608-4},
 eprint = {1908.05318},
 eprintclass = {hep-ex},
 eprinttype = {arXiv},
 journaltitle = {Eur. Phys. J. C},
 month = {01},
 pages = {58},
 reportnumber = {FERMILAB-PUB-19-360-PPD},
 shortauthor = {1111},
 sortyear = {2020},
 title = {{JEDI-net: a jet identification algorithm based on interaction networks}},
 volume = {80},
 year = {2020}
}

@article{Moreno:2019neq,
 author = {Moreno, Eric A. and Nguyen, Thong Q. and Vlimant, Jean-Roch and Cerri, Olmo and Newman, Harvey B. and Periwal, Avikar and Spiropulu, Maria and Duarte, Javier M. and Pierini, Maurizio},
 date = {2020-07},
 doi = {10.1103/PhysRevD.102.012010},
 eprint = {1909.12285},
 eprintclass = {hep-ex},
 eprinttype = {arXiv},
 journal = {Phys. Rev. D},
 month = {07},
 pages = {012010},
 shortauthor = {1111},
 sortyear = {2020},
 title = {{Interaction networks for the identification of boosted $\PH\to\bbbar$ decays}},
 volume = {102},
 year = {2020}
}

@inproceedings{Battaglia:2016jem,
   author = {Peter W. Battaglia and
               Razvan Pascanu and
               Matthew Lai and
               Danilo Jimenez Rezende and
               Koray Kavukcuoglu},
    title = "Interaction Networks for Learning about Objects, Relations and Physics",
    booktitle = "{Advances in Neural Information Processing Systems 29}",
    volume = {29},
archivePrefix = "arXiv",
   eprint = {1612.00222},
 primaryClass = "cs.AI",
     year = 2016,
     url = "https://papers.nips.cc/paper/2016/hash/3147da8ab4a0437c15ef51a5cc7f2dc4-Abstract.html",
 editor = {D. Lee and M. Sugiyama and U. Luxburg and I. Guyon and R. Garnett},
 pages = {4502},
 publisher = {Curran Associates, Inc.},
}

@article{CMS-DP-2020-002,
      title         = "{Identification of highly Lorentz-boosted heavy particles
                       using graph neural networks and new mass decorrelation
                       techniques}",
      collaboration = "CMS",
      year          = "2020",
      reportNumber  = "CMS-DP-2020-002",
      type  = "CMS Detector Performance Note",
      url           = "https://cds.cern.ch/record/2707946",
}

@article{Dreyer:2018rfu,
    author = "Dreyer, Fr\'ed\'eric A. and Karlberg, Alexander",
    title = "{Fully differential Vector-Boson Fusion Higgs Pair Production at Next-to-Next-to-Leading Order}",
    eprint = "1811.07918",
    archivePrefix = "arXiv",
    primaryClass = "hep-ph",
    doi = "10.1103/PhysRevD.99.074028",
    journal = "Phys. Rev. D",
    volume = "99",
    number = "7",
    pages = "074028",
    year = "2019"
}


@article{Dreyer:2018qbw,
    author = "Dreyer, Fr\'ed\'eric A. and Karlberg, Alexander",
    title = "{Vector-Boson Fusion Higgs Pair Production at N$^3$LO}",
    eprint = "1811.07906",
    archivePrefix = "arXiv",
    primaryClass = "hep-ph",
    reportNumber = "OUTP-18-09P, ZU-TH 38/18",
    doi = "10.1103/PhysRevD.98.114016",
    journal = "Phys. Rev. D",
    volume = "98",
    number = "11",
    pages = "114016",
    year = "2018"
}


@article{Grober:2015cwa,
    author = "Grober, Ramona and Muhlleitner, Margarete and Spira, Michael and Streicher, Juraj",
    title = "{NLO QCD Corrections to Higgs Pair Production including Dimension-6 Operators}",
    eprint = "1504.06577",
    archivePrefix = "arXiv",
    primaryClass = "hep-ph",
    reportNumber = "KA-TP-08-2015, PSI-PR-15-03, RM3-TH-15-5",
    doi = "10.1007/JHEP09(2015)092",
    journal = "JHEP",
    volume = "09",
    pages = "092",
    year = "2015"
}

@article{Grober:2017gut,
    author = "Grober, R. and Muhlleitner, M. and Spira, M.",
    title = "{Higgs Pair Production at NLO QCD for CP-violating Higgs Sectors}",
    eprint = "1705.05314",
    archivePrefix = "arXiv",
    primaryClass = "hep-ph",
    doi = "10.1016/j.nuclphysb.2017.10.002",
    journal = "Nucl. Phys. B",
    volume = "925",
    pages = "1--27",
    year = "2017"
}

@article{deFlorian:2017qfk,
    author = "de Florian, Daniel and Fabre, Ignacio and Mazzitelli, Javier",
    title = "{Higgs boson pair production at NNLO in QCD including dimension 6 operators}",
    eprint = "1704.05700",
    archivePrefix = "arXiv",
    primaryClass = "hep-ph",
    reportNumber = "ICAS-28-17, ZU-TH-08-17",
    doi = "10.1007/JHEP10(2017)215",
    journal = "JHEP",
    volume = "10",
    pages = "215",
    year = "2017"
}

@article{Buchalla:2018yce,
    author = "Buchalla, G. and Capozi, M. and Celis, A. and Heinrich, G. and Scyboz, L.",
    title = "{Higgs boson pair production in non-linear Effective Field Theory with full $m_t$-dependence at NLO QCD}",
    eprint = "1806.05162",
    archivePrefix = "arXiv",
    primaryClass = "hep-ph",
    reportNumber = "LMU-ASC 34/18, MPP-2018-127, LMU-ASC-34-18",
    doi = "10.1007/JHEP09(2018)057",
    journal = "JHEP",
    volume = "09",
    pages = "057",
    year = "2018"
}

@article{Thaler:2010tr,
    author = "Thaler, Jesse and Van Tilburg, Ken",
    title = "{Identifying Boosted Objects with N-subjettiness}",
    eprint = "1011.2268",
    archivePrefix = "arXiv",
    primaryClass = "hep-ph",
    reportNumber = "MIT-CTP-4191",
    doi = "10.1007/JHEP03(2011)015",
    journal = "JHEP",
    volume = "03",
    pages = "015",
    year = "2011"
}

@article{AN-18-067,
      author         = "{Javier Duarte, Ruturaj Apte, Alejandro Gomez, Michael Krohn, Eva Halkiadakis, Andreas Hinzmann, Phil Harris, Benjamin Kreis, Greg Landsberg, Petar Maksimovic, Cristina Mantilla Suarez, Marc Osherson, Nhan Tran, Caterina Vernieri, Martin Kwok, Dylan Rankin, Adrzej Novak, Jeff Krupa, Sang Eon Park, Lindsey Gray, Nick Smith, Jose Benitez, and David Yu}",
      title          = "{Inclusive search for boosted Higgs bosons produced in pp collisions using H$\rightarrow$bb decays with 2016, 2017, and 2018 data}",
      year           = "2018",
      url         = "http://cms.cern.ch/iCMS/jsp/openfile.jsp?tp=draft&files=AN2018_067_v16.pdf",
      journal        = "CMS Physics Analysis Note",
      volume  = {\href{http://cms.cern.ch/iCMS/jsp/openfile.jsp?tp=draft&files=AN2018_067_v16.pdf}{AN-2018/067}}
}

@misc{TopTaggingScaleFactor,
  title = {Jet Top Tagging},
  url = {https://twiki.cern.ch/twiki/bin/view/CMS/JetTopTagging},
}

@misc{L1Prefiring,
  title = {Reweighting recipe to emulate Level 1 ECAL prefiring},
  url = {https://twiki.cern.ch/twiki/bin/viewauth/CMS/L1ECALPrefiringWeightRecipe},
}

@misc{HEMissue,
  title = {Treatment of the HEM15/16 region in 2018 data},
  url = {https://hypernews.cern.ch/HyperNews/CMS/get/JetMET/2000.html},
}

@misc{TopTaggingScaleFactorGithub,
  title = {Top Tagging Scale Factors},
  url = {https://github.com/cms-jet/TopTaggingScaleFactors},
}
@article{Sirunyan:2018fpa,
      author         = "Sirunyan, A. M. and others",
      title          = "{Performance of the CMS muon detector and muon
                        reconstruction with proton-proton collisions at
                        $\sqrt{s}=$ 13 TeV}",
      collaboration  = "CMS",
      journal        = "JINST",
      volume         = "13",
      year           = "2018",
      number         = "06",
      pages          = "P06015",
      doi            = "10.1088/1748-0221/13/06/P06015",
      eprint         = "1804.04528",
      archivePrefix  = "arXiv",
      primaryClass   = "physics.ins-det",
      reportNumber   = "CMS-MUO-16-001, CERN-EP-2018-058",
      SLACcitation   = "%%CITATION = ARXIV:1804.04528;%%"
}

@misc{ref:MuonID,
     title={Baseline muon selections for Run-II},
     url={https://twiki.cern.ch/twiki/bin/viewauth/CMS/SWGuideMuonIdRun2}
}

@article{Khachatryan:2015hwa,
      author         = "Khachatryan, Vardan and others",
      title          = "{Performance of Electron Reconstruction and Selection
                        with the CMS Detector in Proton-Proton Collisions at
                        $\sqrt{s} =$ 8  TeV}",
      collaboration  = "CMS",
      journal        = "JINST",
      volume         = "10",
      year           = "2015",
      number         = "06",
      pages          = "P06005",
      doi            = "10.1088/1748-0221/10/06/P06005",
      eprint         = "1502.02701",
      archivePrefix  = "arXiv",
      primaryClass   = "physics.ins-det",
      reportNumber   = "CMS-EGM-13-001, CERN-PH-EP-2015-004",
      SLACcitation   = "%%CITATION = ARXIV:1502.02701;%%"
}

@misc{ElectronSelection,
     title  = "Cut-Based Electron Identification Run 2",
     url    = "https://twiki.cern.ch/twiki/bin/view/CMS/CutBasedElectronIdentificationRun2",
}

@misc{EGammaULTwiki,
     title  = "EGamma Ultra Legacy",
     url    = "https://twiki.cern.ch/twiki/bin/view/CMS/EgammaUL2016To2018",
}



@misc{ref:met,
title = "MET Corrections and Uncertainties for Run-II",
url = "https://twiki.cern.ch/twiki/bin/viewauth/CMS/MissingETRun2Corrections"
}

@misc{ref:nano,
title = "NanoAOD v7 documentation",
url = "https://gitlab.cern.ch/cms-nanoAOD/nanoaod-doc/-/wikis/Releases/NanoAODv7"
}

@article{Sirunyan:2020xok,
    author = "Sirunyan, Albert M and others",
    collaboration = "CMS",
    title = "{Search for nonresonant Higgs boson pair production in final states with two bottom quarks and two photons in proton-proton collisions at $\sqrt{s}=$ 13 TeV}",
    eprint = "2011.12373",
    archivePrefix = "arXiv",
    primaryClass = "hep-ex",
    reportNumber = "CMS-HIG-19-018, CERN-EP-2020-222",
    month = "11",
    year = "2021",
    doi = "10.1007/JHEP03(2021)257",
    journal = "JHEP",
    volume = "03",
    pages = "257",
}

@article{Sirunyan:2020qcq,
    author = "Sirunyan, Albert M and others",
    collaboration = "CMS",
    title = "{Search for resonant pair production of Higgs bosons in the $bbZZ$ channel in proton-proton collisions at $\sqrt{s}=$ 13 TeV}",
    eprint = "2006.06391",
    archivePrefix = "arXiv",
    primaryClass = "hep-ex",
    reportNumber = "CMS-HIG-18-013, CERN-EP-2020-079",
    doi = "10.1103/PhysRevD.102.032003",
    journal = "Phys. Rev. D",
    volume = "102",
    number = "3",
    pages = "032003",
    year = "2020"
}

@article{Sirunyan:2018ayu,
    author = "Sirunyan, Albert M and others",
    collaboration = "CMS",
    title = "{Combination of searches for Higgs boson pair production in proton-proton collisions at $\sqrt{s} = $ 13 TeV}",
    eprint = "1811.09689",
    archivePrefix = "arXiv",
    primaryClass = "hep-ex",
    reportNumber = "CMS-HIG-17-030, CERN-EP-2018-292",
    doi = "10.1103/PhysRevLett.122.121803",
    journal = "Phys. Rev. Lett.",
    volume = "122",
    number = "12",
    pages = "121803",
    year = "2019"
}

@article{Sirunyan:2018tki,
    author = "Sirunyan, Albert M and others",
    collaboration = "CMS",
    title = "{Search for nonresonant Higgs boson pair production in the $\mathrm{b\overline{b}b\overline{b}}$ final state at $\sqrt{s} =$ 13 TeV}",
    eprint = "1810.11854",
    archivePrefix = "arXiv",
    primaryClass = "hep-ex",
    reportNumber = "CMS-HIG-17-017, CERN-EP-2018-269",
    doi = "10.1007/JHEP04(2019)112",
    journal = "JHEP",
    volume = "04",
    pages = "112",
    year = "2019"
}

@article{Sirunyan:2018iwt,
    author = "Sirunyan, Albert M and others",
    collaboration = "CMS",
    title = "{Search for Higgs boson pair production in the $\gamma\gamma\mathrm{b\overline{b}}$ final state in pp collisions at $\sqrt{s}=$ 13 TeV}",
    eprint = "1806.00408",
    archivePrefix = "arXiv",
    primaryClass = "hep-ex",
    reportNumber = "CMS-HIG-17-008, CERN-EP-2017-343",
    doi = "10.1016/j.physletb.2018.10.056",
    journal = "Phys. Lett. B",
    volume = "788",
    pages = "7",
    year = "2019"
}

@article{Aad:2019yxi,
    author = "Aad, Georges and others",
    collaboration = "ATLAS",
    title = "{Search for non-resonant Higgs boson pair production in the $bb\ell\nu\ell\nu$ final state with the ATLAS detector in $pp$ collisions at $\sqrt{s} = 13$ TeV}",
    eprint = "1908.06765",
    archivePrefix = "arXiv",
    primaryClass = "hep-ex",
    reportNumber = "CERN-EP-2019-143",
    doi = "10.1016/j.physletb.2019.135145",
    journal = "Phys. Lett. B",
    volume = "801",
    pages = "135145",
    year = "2020"
}

@article{Aaboud:2018knk,
    author = "Aaboud, Morad and others",
    collaboration = "ATLAS",
    title = "{Search for pair production of Higgs bosons in the $b\bar{b}b\bar{b}$ final state using proton-proton collisions at $\sqrt{s} = 13$ TeV with the ATLAS detector}",
    eprint = "1804.06174",
    archivePrefix = "arXiv",
    primaryClass = "hep-ex",
    reportNumber = "CERN-EP-2018-029",
    doi = "10.1007/JHEP01(2019)030",
    journal = "JHEP",
    volume = "01",
    pages = "030",
    year = "2019"
}

@article{Aaboud:2016xco,
    author = "Aaboud, Morad and others",
    collaboration = "ATLAS",
    title = "{Search for pair production of Higgs bosons in the $b\bar{b}b\bar{b}$ final state using proton--proton collisions at $\sqrt{s} = 13$ TeV with the ATLAS detector}",
    eprint = "1606.04782",
    archivePrefix = "arXiv",
    primaryClass = "hep-ex",
    reportNumber = "CERN-EP-2016-142",
    doi = "10.1103/PhysRevD.94.052002",
    journal = "Phys. Rev. D",
    volume = "94",
    number = "5",
    pages = "052002",
    year = "2016"
}

@article{Aad:2015uka,
    author = "Aad, Georges and others",
    collaboration = "ATLAS",
    title = "{Search for Higgs boson pair production in the $b\bar{b}b\bar{b}$ final state from pp collisions at $\sqrt{s} = 8$ TeVwith the ATLAS detector}",
    eprint = "1506.00285",
    archivePrefix = "arXiv",
    primaryClass = "hep-ex",
    reportNumber = "CERN-PH-EP-2015-099",
    doi = "10.1140/epjc/s10052-015-3628-x",
    journal = "Eur. Phys. J. C",
    volume = "75",
    number = "9",
    pages = "412",
    year = "2015"
}

@article{Aad:2014yja,
    author = "Aad, Georges and others",
    collaboration = "ATLAS",
    title = "{Search For Higgs Boson Pair Production in the $\gamma\gamma b\bar{b}$ Final State using $pp$ Collision Data at $\sqrt{s}=8$ TeV from the ATLAS Detector}",
    eprint = "1406.5053",
    archivePrefix = "arXiv",
    primaryClass = "hep-ex",
    reportNumber = "CERN-PH-EP-2014-113",
    doi = "10.1103/PhysRevLett.114.081802",
    journal = "Phys. Rev. Lett.",
    volume = "114",
    number = "8",
    pages = "081802",
    year = "2015"
}

@article{Aad:2019uzh,
    author = "Aad, Georges and others",
    collaboration = "ATLAS",
    title = "{Combination of searches for Higgs boson pairs in $pp$ collisions at $\sqrt{s} = $13 TeV with the ATLAS detector}",
    eprint = "1906.02025",
    archivePrefix = "arXiv",
    primaryClass = "hep-ex",
    reportNumber = "CERN-EP-2019-099",
    doi = "10.1016/j.physletb.2019.135103",
    journal = "Phys. Lett. B",
    volume = "800",
    pages = "135103",
    year = "2020"
}

@article{Aad:2020kub,
    author = "Aad, Georges and others",
    collaboration = "ATLAS",
    title = "{Search for the $HH \rightarrow b \bar{b} b \bar{b}$ process via vector-boson fusion production using proton-proton collisions at $\sqrt{s} = 13$ TeV with the ATLAS detector}",
    eprint = "2001.05178",
    archivePrefix = "arXiv",
    primaryClass = "hep-ex",
    reportNumber = "CERN-EP-2019-267",
    doi = "10.1007/JHEP07(2020)108",
    journal = "JHEP",
    volume = "07",
    pages = "108",
    year = "2020"
}

@article{Aaboud:2018sfw,
    author = "Aaboud, Morad and others",
    collaboration = "ATLAS",
    title = "{Search for resonant and non-resonant Higgs boson pair production in the ${b\bar{b}\tau^+\tau^-}$ decay channel in $pp$ collisions at $\sqrt{s}=13$ TeV with the ATLAS detector}",
    eprint = "1808.00336",
    archivePrefix = "arXiv",
    primaryClass = "hep-ex",
    reportNumber = "CERN-EP-2018-164",
    doi = "10.1103/PhysRevLett.121.191801",
    journal = "Phys. Rev. Lett.",
    volume = "121",
    number = "19",
    pages = "191801",
    year = "2018",
    note = "[Erratum: Phys.Rev.Lett. 122, 089901 (2019)]"
}

@article{Aaboud:2018zhh,
    author = "Aaboud, Morad and others",
    collaboration = "ATLAS",
    title = "{Search for Higgs boson pair production in the $b\bar{b}WW^{*}$ decay mode at $\sqrt{s}=13$ TeV with the ATLAS detector}",
    eprint = "1811.04671",
    archivePrefix = "arXiv",
    primaryClass = "hep-ex",
    reportNumber = "CERN-EP-2018-237",
    doi = "10.1007/JHEP04(2019)092",
    journal = "JHEP",
    volume = "04",
    pages = "092",
    year = "2019"
}

@article{Aad:2015xja,
    author = "Aad, Georges and others",
    collaboration = "ATLAS",
    title = "{Searches for Higgs boson pair production in the $hh\to bb\tau\tau, \gamma\gamma WW^*, \gamma\gamma bb, bbbb$ channels with the ATLAS detector}",
    eprint = "1509.04670",
    archivePrefix = "arXiv",
    primaryClass = "hep-ex",
    reportNumber = "CERN-PH-EP-2015-225",
    doi = "10.1103/PhysRevD.92.092004",
    journal = "Phys. Rev. D",
    volume = "92",
    pages = "092004",
    year = "2015"
}

@article{Sirunyan:2017guj,
    author = "Sirunyan, Albert M and others",
    collaboration = "CMS",
    title = "{Search for resonant and nonresonant Higgs boson pair production in the $ \mathrm{b}\overline{\mathrm{b}}\mathit{\ell \nu \ell \nu } $ final state in proton-proton collisions at $ \sqrt{s}=13 $ TeV}",
    eprint = "1708.04188",
    archivePrefix = "arXiv",
    primaryClass = "hep-ex",
    reportNumber = "CMS-HIG-17-006, CERN-EP-2017-168",
    doi = "10.1007/JHEP01(2018)054",
    journal = "JHEP",
    volume = "01",
    pages = "054",
    year = "2018"
}

@article{Sirunyan:2017tqo,
    author = "Sirunyan, Albert M and others",
    collaboration = "CMS",
    title = "{Search for Higgs boson pair production in the $bb\tau\tau$ final state in proton-proton collisions at $\sqrt{(}s)=8\text{ }\text{ }\mathrm{TeV}$}",
    eprint = "1707.00350",
    archivePrefix = "arXiv",
    primaryClass = "hep-ex",
    reportNumber = "CMS-HIG-15-013, CERN-EP-2017-104",
    doi = "10.1103/PhysRevD.96.072004",
    journal = "Phys. Rev. D",
    volume = "96",
    number = "7",
    pages = "072004",
    year = "2017"
}
% Anti-kT
@Article{Cacciari:2008gp,
     AUTHOR    = "Cacciari, Matteo and Salam, Gavin P. and Soyez, Gregory",
     TITLE     = "The anti-$\kt$ jet clustering algorithm",
     JOURNAL   = "JHEP",
     VOLUME    = "04",
     YEAR      = "2008",
     PAGES     = "063",
     doi       = "10.1088/1126-6708/2008/04/063",
     eprint         = "0802.1189",
     archivePrefix  = "arXiv",
     primaryClass   = "hep-ex",
}
% PUPPI
@article{Bertolini:2014bba,
      author         = "Bertolini, Daniele and Harris, Philip and Low, Matthew
                        and Tran, Nhan",
      title          = "{Pileup Per Particle Identification}",
      journal        = "JHEP",
      volume         = "10",
      year           = "2014",
      pages          = "059",
      doi            = "10.1007/JHEP10(2014)059",
      eprint         = "1407.6013",
      archivePrefix  = "arXiv",
      primaryClass   = "hep-ph",
      reportNumber   = "FERMILAB-PUB-14-238-PPD, EFI-14-18, MIT-CTP-4558",
      SLACcitation   = "%%CITATION = ARXIV:1407.6013;%%"
}
% Modified soft drop
@article{Dasgupta:2013ihk,
      author         = "Dasgupta, Mrinal and Fregoso, Alessandro and Marzani,
                        Simone and Salam, Gavin P.",
      title          = "{Towards an understanding of jet substructure}",
      journal        = "JHEP",
      volume         = "09",
      year           = "2013",
      pages          = "029",
      doi            = "10.1007/JHEP09(2013)029",
      eprint         = "1307.0007",
      archivePrefix  = "arXiv",
      primaryClass   = "hep-ph",
      reportNumber   = "CERN-PH-TH-2013-145, DCPT-13-86, IPPP-13-43, LPN13-036,
                        MAN-HEP-2013-12",
      SLACcitation   = "%%CITATION = ARXIV:1307.0007;%%"
}
% Soft drop
@article{Larkoski:2014wba,
      author         = "Larkoski, Andrew J. and Marzani, Simone and Soyez,
                        Gregory and Thaler, Jesse",
      title          = "{Soft Drop}",
      journal        = "JHEP",
      volume         = "05",
      year           = "2014",
      pages          = "146",
      doi            = "10.1007/JHEP05(2014)146",
      eprint         = "1402.2657",
      archivePrefix  = "arXiv",
      primaryClass   = "hep-ph",
      reportNumber   = "MIT-CTP-4531, DCPT-14-24, IPPP-14-12",
      SLACcitation   = "%%CITATION = ARXIV:1402.2657;%%"
}
% CHS
@techreport{CMS:2014ata,
      author         = "CMS Collaboration",
      title          = "{Pileup Removal Algorithms}",
      collaboration  = "CMS",
      year           = "2014",
      reportNumber   = "CMS-PAS-JME-14-001",
      SLACcitation   = "%%CITATION = CMS-PAS-JME-14-001;%%"
}

%high MHH theory uncertainty
@article{Davies2019,
      author         = "Davies, Joshua and Heinrich, Gudrun and Jones, Stephen P. and Kerner, Matthias and Mishima, Go and Steinhauser, Matthias and Wellmann, David", 
      title          = "{Double Higgs boson production at NLO: combining the exact numerical result and high-energy expansion}",
      journal        = "JHEP",
      volume         = "11",
      year           = "2019",
      pages          = "24",
      doi            = "10.1007/JHEP05(2019)024",
      eprint         = "1907.06408",
      archivePrefix  = "arXiv",
      primaryClass   = "hep-ph",
      SLACcitation   = "%%CITATION = ARXIV:1402.2657;%%"
}

@article{AN-21-005,
  author  = "{Pierluigi Bortignon, Loukas Gouskos, Santeri Laurila, Congqiao Li, Qiang Li, Huilin Qu, Michele Selvaggi}",
  title   = {Calibration of the ParticleNet boosted jet flavour tagger in full Run 2 data},
  journal = {CMS Physics Analysis Note},
  volume  = {AN-21-005},
  url     = {https://cms.cern.ch/iCMS/user/noteinfo?cmsnoteid=CMS\%20AN-2021/005},
  year    = {2021}
}

@article{hbbAN,
  author = "{Jennet Dickinson, Nick Smith, et. al.}",
  title = {Search for boosted Higgs bosons produced via vector boson fusion in the \hbb decay mode, using 2016, 2017 and 2018 pp collision data},
  journal = {CMS Physics Analysis Note},
  volume  = {AN-20-244},
  url     = {https://cms.cern.ch/iCMS/user/noteinfo?cmsnoteid=CMS\%20AN-2020/244},
  year = {2021}
}

% JES twiki
@misc{JECJetMET,
	Title = {Jet Energy Scale},
	howpublished = {\url{https://twiki.cern.ch/twiki/bin/view/CMS/JECDataMC\#Jet_Energy_Corrections_in_Run2}, r190}
}

% JER twiki
@misc{JERJetMET,
Title = {Jet Energy Resolution},
howpublished = {\url{https://twiki.cern.ch/twiki/bin/view/CMS/JetResolution}, r103}
}
% Jet ID
@misc{JetID,
Title = {Jet Identification},
howpublished = {\url{https://twiki.cern.ch/twiki/bin/view/CMS/JetID\#Recommendations_for_13_TeV_data}, r94},
}
% Jet pileup ID
@misc{pileupid,
Title = {Jet identification in high pile-up environment},
howpublished = {\url{https://twiki.cern.ch/twiki/bin/viewauth/CMS/PileupJetID}, r64},
}
% MET corrections
@unpublished{CMS:2018iot,
      author         = "CMS Collaboration",
      title          = "{Performance of missing transverse momentum in pp
                        collisions at $\sqrt(s)=13\TeV$ using the CMS detector}",
      collaboration  = "CMS",
      year           = "2018",
      reportNumber   = "CMS-PAS-JME-17-001",
      SLACcitation   = "%%CITATION = CMS-PAS-JME-17-001;%%"
}
@misc{nanoaodtools,
Title = {NanoAOD tools repository},
howpublished = {\url{https://github.com/cmantill/nanoAOD-tools}, r1},
}

@misc{xsdb,
Title = {CMS Cross Section Database},
howpublished = {\url{https://cms-gen-dev.cern.ch/xsdb}},
}

@misc{YR4,
Title = {LHC Higgs Working Group Recommendations: Higgs cross sections and decay branching ratios YR4},
howpublished = {\url{https://twiki.cern.ch/twiki/bin/view/LHCPhysics/LHCHWG#Production_cross_sections_and_de}},
}

@misc{LHCHiggsHH,
Title = {LHC Higgs WG4 group},
howpublished = {\url{https://twiki.cern.ch/twiki/bin/view/LHCPhysics/LHCHWGHH}},
}

@misc{RegressedJMSJMR,
Title = {Large Radius Jet Mass Regression Algorithm},
howpublished = {\url{https://indico.cern.ch/event/998668/#80-large-radius-jet-mass-regre}},
}

@article{BoostedVBFHHAN,
  author  = "{Derek Brehm, Lucas Corcodilos, Loukas Gouskos, Clemens Lange, Santeri Laurila,Congqiao Li, Devdatta Majumder, Petar Maksimovic, Huilin Qu, Matej Roguljic, Michele Selvaggi}",
  title   = {{Search for nonresonant Higgs boson pair production via vector boson fusion in boosted 4b final state at $\sqrt{s} = 13\TeV$}},
  journal = {CMS Physics Analysis Note},
  volume  = {AN-20-231},
  url     = {https://cms.cern.ch/iCMS/user/noteinfo?cmsnoteid=CMS%20AN-2020/231},
  year    = {2020}
}

@article{BoostedGGFHHAN,
  author  = "{Artur Apresyan, Daniel Cipriano Diaz, Javier Mauricio Duarte, Irene Dutta, Raghav Kansal, Maria Spiropulu, Cristina Ana Mantilla Suarez, Nan Lu, Cristian Pena, Si Xie, Zhicai Zhang}",
  title   = {{Search for Gluon Fusion Nonresonant HH to 4b using boosted Higgs-tagged AK8 jets
}},
  journal = {CMS Physics Analysis Note},
  volume  = {AN-20-201},
  url     = {https://cms.cern.ch/iCMS/user/noteinfo?cmsnoteid=CMS%20AN-2020/201},
  year    = {2020}
}

@techreport{CMS-PAS-B2G-21-001,
      title         = "{Search for Higgs boson pair production via vector boson
                       fusion with highly Lorentz-boosted Higgs bosons in the four
                       b quark final state at $\sqrt{s} = 13$ TeV}",
      institution   = "CERN",
      collaboration = "CMS",
      type = "CMS Physics Analysis Summary",
      reportNumber  = "CMS-PAS-B2G-21-001",
      year          = "2021",
      url           = "https://cds.cern.ch/record/2776802",
}

@misc{B2G-twiki-bias,
  title = {B2G Bias Study Instruction},
  url = {https://cms-b2g.docs.cern.ch/combine/StatTests/},
}

@misc{BtagWPs,
  title = {Recommendation for Using b-tag Objects in Physics Analyses},
  url = {https://twiki.cern.ch/twiki/bin/viewauth/CMS/BtagRecommendation},
}

@misc{ToyGen,
  title = {Pseudoexperiment generation using combine tool},
  url = {https://cms-analysis.github.io/HiggsAnalysis-CombinedLimit/part3/runningthetool/#generate-only},
}

@article{ParticleNetCalibrationAN,
  author  = "{Pierluigi Bortignon, Alessandro Calandri, Sen Deng, Alejandro Gomez Espinosa, Loukas Gouskos, Santeri Laurila, Congqiao Li, Qiang Li, Devdatta Majumder, Matteo Marchegiani, Andrzej Novak, Huilin Qu, Davide Valsecchi, Matej Roguljic, Daniele Ruini, Michele Selvaggi}",
  title   = {{Calibration of boosted jet flavour taggers in full Run 2 data}},
  journal = {CMS Analysis Note},
  volume  = {AN-21-005},
  url     = {https://cms.cern.ch/iCMS/user/noteinfo?cmsnoteid=CMS%20AN-2021/005},
  year    = {2021}
}

@article{LundPlaneReweightingAN,
  author  = "{Oz Amram, Petar Maksimovic}",
  title   = {{Jet Substructure Corrections with Sub-Jet Lund Plane Reweighting}},
  journal = {CMS Analysis Note},
  volume  = {AN-22-180},
  url     = {https://cms.cern.ch/iCMS/user/noteinfo?cmsnoteid=CMS%20AN-2022/180},
  year    = {2022}
}

@article{Dreyer:2018nbf,
    author = "Dreyer, Fr\'ed\'eric A. and Salam, Gavin P. and Soyez, Gr\'egory",
    title = "{The Lund Jet Plane}",
    eprint = "1807.04758",
    archivePrefix = "arXiv",
    primaryClass = "hep-ph",
    reportNumber = "CERN-TH-2018-151",
    doi = "10.1007/JHEP12(2018)064",
    journal = "JHEP",
    volume = "12",
    pages = "064",
    year = "2018"
}

@misc{WtaggingSFsUL,
Title = {A new framework to measure W-tagging SFs},
howpublished = {\url{https://indico.cern.ch/event/1101433/contributions/4775247/}},
}

@article{Qu:2022mxj,
    author = "Qu, Huilin and Li, Congqiao and Qian, Sitian",
    title = "{Particle Transformer for Jet Tagging}",
    eprint = "2202.03772",
    archivePrefix = "arXiv",
    primaryClass = "hep-ph",
    month = "2",
    year = "2022"
}

@article{Catani:1993hr,
    author = "Catani, S. and Dokshitzer, Yuri L. and Seymour, M. H. and Webber, B. R.",
    title = "{Longitudinally invariant $K_t$ clustering algorithms for hadron hadron collisions}",
    reportNumber = "CERN-TH-6775-93, LU-TP-93-2",
    doi = "10.1016/0550-3213(93)90166-M",
    journal = "Nucl. Phys. B",
    volume = "406",
    pages = "187--224",
    year = "1993"
}

@article{Ellis:1993tq,
    author = "Ellis, Stephen D. and Soper, Davison E.",
    title = "{Successive combination jet algorithm for hadron collisions}",
    eprint = "hep-ph/9305266",
    archivePrefix = "arXiv",
    reportNumber = "CERN-TH-6860-93",
    doi = "10.1103/PhysRevD.48.3160",
    journal = "Phys. Rev. D",
    volume = "48",
    pages = "3160--3166",
    year = "1993"
}

@misc{HHCombinationUncertainties,
Title = {Naming conventions for the full run 2 HH combination},
howpublished = {\url{https://gitlab.cern.ch/hh/naming-conventions}},
}

@misc{PileupJSONs,
Title = {Utilities for Accessing Pileup Information for Data},
howpublished = {\url{https://twiki.cern.ch/twiki/bin/viewauth/CMS/PileupJSONFileforData}},
}

@article{Branco:2011iw,
    author = "Branco, G. C. and Ferreira, P. M. and Lavoura, L. and Rebelo, M. N. and Sher, Marc and Silva, Joao P.",
    title = "{Theory and phenomenology of two-Higgs-doublet models}",
    eprint = "1106.0034",
    archivePrefix = "arXiv",
    primaryClass = "hep-ph",
    doi = "10.1016/j.physrep.2012.02.002",
    journal = "Phys. Rept.",
    volume = "516",
    pages = "1--102",
    year = "2012"
}

@article{Craig:2013hca,
    author = "Craig, Nathaniel and Galloway, Jamison and Thomas, Scott",
    title = "{Searching for Signs of the Second Higgs Doublet}",
    eprint = "1305.2424",
    archivePrefix = "arXiv",
    primaryClass = "hep-ph",
    reportNumber = "RU-NHETC-2013-07",
    month = "5",
    year = "2013"
}

@article{Domingo:2022kfm,
    author = "Domingo, Florian and Pa\ss{}ehr, Sebastian",
    title = "{About the bosonic decays of heavy Higgs states in the (N)MSSM}",
    eprint = "2207.05776",
    archivePrefix = "arXiv",
    primaryClass = "hep-ph",
    reportNumber = "BONN-TH-2022-16, TTK-22-23, BONN-TH-2022-16 TTK-22-23",
    doi = "10.1140/epjc/s10052-022-10919-4",
    journal = "Eur. Phys. J. C",
    volume = "82",
    number = "10",
    pages = "962",
    year = "2022"
}

@article{Robens:2019kga,
    author = "Robens, Tania and Stefaniak, Tim and Wittbrodt, Jonas",
    title = "{Two-real-scalar-singlet extension of the SM: LHC phenomenology and benchmark scenarios}",
    eprint = "1908.08554",
    archivePrefix = "arXiv",
    primaryClass = "hep-ph",
    reportNumber = "DESY-19-142, DESY 19-142",
    doi = "10.1140/epjc/s10052-020-7655-x",
    journal = "Eur. Phys. J. C",
    volume = "80",
    number = "2",
    pages = "151",
    year = "2020"
}

@article{Dittmaier:2012vm,
    author = "Dittmaier, S. and others",
    title = "{Handbook of LHC Higgs Cross Sections: 2. Differential Distributions}",
    eprint = "1201.3084",
    archivePrefix = "arXiv",
    primaryClass = "hep-ph",
    reportNumber = "CERN-2012-002",
    doi = "10.5170/CERN-2012-002",
    month = "1",
    year = "2012"
}

@article{ATLAS:2022zjg,
    author = "Aad, Georges and others",
    collaboration = "ATLAS",
    title = "{Measurement of the Higgs boson mass in the $H \to ZZ^* \to 4 \ell$ decay channel using 139 fb$^{-1}$ of $\sqrt s$ = 13 TeV $pp$ collisions recorded by the ATLAS detector at the LHC}",
    eprint = "2207.00320",
    archivePrefix = "arXiv",
    primaryClass = "hep-ex",
    reportNumber = "CERN-EP-2022-135",
    doi = "10.1016/j.physletb.2023.137880",
    journal = "Phys. Lett. B",
    volume = "843",
    pages = "137880",
    year = "2023"
}

@article{CMS:2020xrn,
    author = "Sirunyan, Albert M and others",
    collaboration = "CMS",
    title = "{A measurement of the Higgs boson mass in the diphoton decay channel}",
    eprint = "2002.06398",
    archivePrefix = "arXiv",
    primaryClass = "hep-ex",
    reportNumber = "CMS-HIG-19-004, CERN-EP-2020-004",
    doi = "10.1016/j.physletb.2020.135425",
    journal = "Phys. Lett. B",
    volume = "805",
    pages = "135425",
    year = "2020"
}

@article{ATLAS:2015yey,
    author = "Aad, Georges and others",
    collaboration = "ATLAS, CMS",
    title = "{Combined Measurement of the Higgs Boson Mass in $pp$ Collisions at $\sqrt{s}=7$ and 8 TeV with the ATLAS and CMS Experiments}",
    eprint = "1503.07589",
    archivePrefix = "arXiv",
    primaryClass = "hep-ex",
    reportNumber = "ATLAS-HIGG-2014-14, CMS-HIG-14-042, CERN-PH-EP-2015-075",
    doi = "10.1103/PhysRevLett.114.191803",
    journal = "Phys. Rev. Lett.",
    volume = "114",
    pages = "191803",
    year = "2015"
}
@article{CMS:2022ley,
    author = "Tumasyan, Armen and others",
    collaboration = "CMS",
    title = "{Measurement of the Higgs boson width and evidence of its off-shell contributions to ZZ production}",
    eprint = "2202.06923",
    archivePrefix = "arXiv",
    primaryClass = "hep-ex",
    reportNumber = "CMS-HIG-21-013, CERN-EP-2021-272",
    doi = "10.1038/s41567-022-01682-0",
    journal = "Nature Phys.",
    volume = "18",
    number = "11",
    pages = "1329--1334",
    year = "2022"
}

@unpublished{ATLAS:2023dnm,
    author = "Aad, Georges and others",
    collaboration = "ATLAS",
    title = "{Evidence of off-shell Higgs boson production from $ZZ$ leptonic decay channels and constraints on its total width with the ATLAS detector}",
    eprint = "2304.01532",
    archivePrefix = "arXiv",
    primaryClass = "hep-ex",
    reportNumber = "CERN-EP-2023-03",
    month = "4",
    year = "2023"
}

@article{CMS:2022dwd,
    author = "Tumasyan, Armen and others",
    collaboration = "CMS",
    title = "{A portrait of the Higgs boson by the CMS experiment ten years after the discovery}",
    eprint = "2207.00043",
    archivePrefix = "arXiv",
    primaryClass = "hep-ex",
    reportNumber = "CMS-HIG-22-001, CERN-EP-2022-039",
    doi = "10.1038/s41586-022-04892-x",
    journal = "Nature",
    volume = "607",
    number = "7917",
    pages = "60--68",
    year = "2022"
}
@article{CMS:2018uag,
    author = "Sirunyan, Albert M and others",
    collaboration = "CMS",
    title = "{Combined measurements of Higgs boson couplings in proton\textendash{}proton collisions at $\sqrt{s}=13\,\text {Te}\text {V} $}",
    eprint = "1809.10733",
    archivePrefix = "arXiv",
    primaryClass = "hep-ex",
    reportNumber = "CMS-HIG-17-031, CERN-EP-2018-263",
    doi = "10.1140/epjc/s10052-019-6909-y",
    journal = "Eur. Phys. J. C",
    volume = "79",
    number = "5",
    pages = "421",
    year = "2019"
}

@article{ATLAS:2022vkf,
    collaboration = "ATLAS",
    title = "{A detailed map of Higgs boson interactions by the ATLAS experiment ten years after the discovery}",
    eprint = "2207.00092",
    archivePrefix = "arXiv",
    primaryClass = "hep-ex",
    reportNumber = "CERN-EP-2022-057",
    doi = "10.1038/s41586-022-04893-w",
    journal = "Nature",
    volume = "607",
    number = "7917",
    pages = "52--59",
    year = "2022",
    note = "[Erratum: Nature 612, E24 (2022)]"
}
@article{Baglio:2020wgt,
    author = {Baglio, J. and Campanario, F. and Glaus, S. and M\"uhlleitner, M. and Ronca, J. and Spira, M.},
    title = "{$gg\to HH$ : Combined uncertainties}",
    eprint = "2008.11626",
    archivePrefix = "arXiv",
    primaryClass = "hep-ph",
    reportNumber = "CERN-TH-2020-139, IFIC/20-42, FTUV-20-0823, KA-TP-11-2020,
  PSI-PR-20-13, KA-TP-11-2020, PSI-PR-20-13",
    doi = "10.1103/PhysRevD.103.056002",
    journal = "Phys. Rev. D",
    volume = "103",
    number = "5",
    pages = "056002",
    year = "2021"
}

@article{LHCHiggsCrossSectionWorkingGroup:2016ypw,
    author = "de Florian, D. and others",
    collaboration = "LHC Higgs Cross Section Working Group",
    title = "{Handbook of LHC Higgs Cross Sections: 4. Deciphering the Nature of the Higgs Sector}",
    eprint = "1610.07922",
    archivePrefix = "arXiv",
    primaryClass = "hep-ph",
    reportNumber = "CERN-2017-002-M, CERN-2017-002",
    doi = "10.23731/CYRM-2017-002",
    volume = "2/2017",
    month = "10",
    year = "2016"
}

@article{XHYbbWWSLAN,
  author  = "{Agni Bethani, Florian Bury, Alexandra Carvalho, Minuk Choi, Christophe Delaere, Karl Ehataht, Martin Erdmann, Manfred Peter Fackeldey, Benjamin Fischer, Tao Huang, Kuntal Mondal, Saswati Nandan, Dennis Noll, Chris Palmer, Gourab Saha, Alexei Safonov, Christian Veelken, Intae Yu}",
  title   = {{Search for Higgs boson pair production in the decay channel to two bottom quarks and two W bosons using the full Run 2 dataset
}},
  journal = {CMS Analysis Note},
  volume  = {AN-21-119},
  url     = {https://cms.cern.ch/iCMS/jsp/db_notes/noteInfo.jsp?cmsnoteid=CMS%20AN-2021/119},
  year    = {2021}
}

@article{XHYbbggAN,
  author  = "{Lata Panwar, Jyothsna Rani Komaragiri, Devdatta Majumder, Maxime Gouzevitch}",
  title   = {{Search for a new resonance decaying into either two Standard Model Higgs boson or one Standard Model Higgs boson and a Beyond Standard Model Scalar in the final states with two photons and two bottom quarks using full Run2 data}},
  journal = {CMS Analysis Note},
  volume  = {AN-20-162},
  url     = {https://cms.cern.ch/iCMS/jsp/db_notes/noteInfo.jsp?cmsnoteid=CMS%20AN-2020/162},
  year    = {2020}
}

@article{ResolvedXHY4bAN,
  author  = "{Luca Cadamuro, Anadi Canepa, Aidan Grummer, Daniel Guerrero, Evan Koenig, Marina Kolosova, Jacobo Konigsberg, Petra Merkel, Fabio Ravera, Suzanne Renee Rosenzweig}",
  title   = {{Search for a new resonance decaying into a SM Higgs boson and a BSM scalar in the 4b final state
}},
  journal = {CMS Analysis Note},
  volume  = {AN-20-080},
  url     = {https://cms.cern.ch/iCMS/jsp/db_notes/noteInfo.jsp?cmsnoteid=CMS%20AN-2020/080},
  year    = {2020}
}

@article{CMS:2021yci,
    author = "Tumasyan, Armen and others",
    collaboration = "CMS",
    title = "{Search for a heavy Higgs boson decaying into two lighter Higgs bosons in the $\tau\tau$bb final state at 13 TeV}",
    eprint = "2106.10361",
    archivePrefix = "arXiv",
    primaryClass = "hep-ex",
    reportNumber = "CMS-HIG-20-014, CERN-EP-2021-094",
    doi = "10.1007/JHEP11(2021)057",
    journal = "JHEP",
    volume = "11",
    pages = "057",
    year = "2021"
}

@article{BoostedXHY4b,
    author = "Tumasyan, Armen and others",
    collaboration = "CMS",
    title = "{Search for a massive scalar resonance decaying to a light scalar and a Higgs boson in the four b quarks final state with boosted topology}",
    eprint = "2204.12413",
    archivePrefix = "arXiv",
    primaryClass = "hep-ex",
    reportNumber = "CMS-B2G-21-003, CERN-EP-2022-034",
    doi = "10.1016/j.physletb.2022.137392",
    journal = "Phys. Lett. B",
    volume = "842",
    pages = "137392",
    year = "2023"
}


@misc{L1PrefiringRecipe,
Title = {Reweighting recipe to emulate Level 1 ECAL and Muon prefiring},
howpublished = {\url{https://twiki.cern.ch/twiki/bin/viewauth/CMS/L1PrefiringWeightRecipe}},
}


@article{CMS:2018rym,
  archiveprefix = {arXiv},
  author        = {Sirunyan, A. M. and others},
  collaboration = {CMS},
  doi           = {10.1088/1748-0221/13/06/P06015},
  eprint        = {1804.04528},
  journal       = {JINST},
  pages         = {P06015},
  primaryclass  = {physics.ins-det},
  reportnumber  = {CMS-MUO-16-001, CERN-EP-2018-058},
  title         = {{Performance of the CMS muon detector and muon reconstruction with proton-proton collisions at $\sqrt{s}= 13\TeV$}},
  volume        = {13},
  year          = {2018}
}


@misc{MuonSFs2016,
Title = {Muon recommendations for 2016 Ultra Legacy data and Monte Carlo},
howpublished = {\url{https://twiki.cern.ch/twiki/bin/view/CMS/MuonUL2016}},
}

@misc{MuonSFs2017,
Title = {Muon recommendations for 2017 Ultra Legacy data and Monte Carlo},
howpublished = {\url{https://twiki.cern.ch/twiki/bin/view/CMS/MuonUL2017}},
}

@misc{MuonSFs2018,
Title = {Muon recommendations for 2018 Ultra Legacy data and Monte Carlo},
howpublished = {\url{https://twiki.cern.ch/twiki/bin/view/CMS/MuonUL2018}},
}

@misc{BTVTwiki,
Title = {BTV Scale Factors},
howpublished = {\url{https://btv-wiki.docs.cern.ch/ScaleFactors/}},
}

@misc{BtagSFs,
Title = {Methods to apply b-tagging efficiency scale factors},
howpublished = {\url{https://twiki.cern.ch/twiki/bin/viewauth/CMS/BTagSFMethods}},
}

@misc{PileupJetIDUL,
Title = {Jet identification in high pile-up environment (PileupJetID) for Ultra Legacy Data},
howpublished = {\url{https://twiki.cern.ch/twiki/bin/view/CMS/PileupJetIDUL}},
}

@misc{PSWeights,
Title = {Scale/PDF as well as PS weights in MC Simulations},
howpublished = {\url{https://twiki.cern.ch/twiki/bin/view/CMS/HowToPDF}},
}

@article{HHCombinationAN,
  author = "{A. Bethani, N. De Filippis, J.M. Duarte, N. Lu, F. Monti, J.Wang, C.Wang, M. Rieger, A. Carvalho, T. Lange, D.F. Guerrero Ibarra, I. Durra, S. Xie, S.H. Laurila, C.M. Suarez, C. Pena, F. Brivio}",
  title = {{Legacy combination of analyses to search for nonresonant production of Higgs boson pairs in proton proton collisions at $\sqrt{s} = 13\TeV$}},
  journal = {CMS Physics Analysis Note},
  volume  = {AN-20-244},
  url     = {https://cms.cern.ch/iCMS/user/noteinfo?cmsnoteid=CMS\%20AN-2020/245},
  year = {2023}
}

@misc{HHUncertainties,
Title = {Naming conventions for the full run 2 HH combination},
howpublished = {\url{https://gitlab.cern.ch/hh/naming-conventions}},
}

@misc{SUSLepSFs,
Title = {SUSY Lepton Scale Factors},
howpublished = {\url{https://twiki.cern.ch/twiki/pub/CMS/SUSLeptonSF/susy_sf_6_5.pdf}},
}

@article{ResonantHHLeptons,
  author = "{Brent Stone, Nickolas McColl, and David Saltzberg}",
  title = {{Search for heavy resonances decaying to a pair of Higgs bosons with leptons in the final state in proton-proton collisions at $\sqrt{s} = 13\TeV$}},
  journal = {CMS Physics Analysis Note},
  volume  = {AN-19-187},
  url     = {https://cms.cern.ch/iCMS/jsp/db_notes/noteInfo.jsp?cmsnoteid=CMS%20AN-2019/187},
  year = {2019}
}

@misc{B2GMuonIDIsoSFs,
Title = {Muon ID and ISO scale factors for B2G analysis},
howpublished = {\url{https://indico.cern.ch/event/735888/#2-muon-id-and-iso-scale-factor}},
}

@misc{MuonTriggerSFs,
    Title = {Single muon trigger SFs for UL},
    howpublished = {\url{https://indico.cern.ch/event/1080036/#2-single-muon-trigger-sfs-for}}
}

@misc{SingleTopNNLORef,
    Title = {Predictions at NNLO of single top-quark production cross-sections},
    howpublished = {\url{https://twiki.cern.ch/twiki/bin/view/LHCPhysics/SingleTopNNLORef}}
}

@misc{TtbarNNLO,
    Title = {NNLO+NNLL top-quark-pair cross sections},
    howpublished = {\url{https://twiki.cern.ch/twiki/bin/view/LHCPhysics/TtbarNNLO}}
}

@article{Gehrmann:2014fva,
    author = {Gehrmann, T. and Grazzini, M. and Kallweit, S. and Maierh\"ofer, P. and von Manteuffel, A. and Pozzorini, S. and Rathlev, D. and Tancredi, L.},
    title = "{$W^+W^-$ Production at Hadron Colliders in Next to Next to Leading Order QCD}",
    eprint = "1408.5243",
    archivePrefix = "arXiv",
    primaryClass = "hep-ph",
    reportNumber = "ZU-TH-29-14, MITP-14-053",
    doi = "10.1103/PhysRevLett.113.212001",
    journal = "Phys. Rev. Lett.",
    volume = "113",
    number = "21",
    pages = "212001",
    year = "2014"
}

@article{Cascioli:2014yka,
    author = {Cascioli, F. and Gehrmann, T. and Grazzini, M. and Kallweit, S. and Maierh\"ofer, P. and von Manteuffel, A. and Pozzorini, S. and Rathlev, D. and Tancredi, L. and Weihs, E.},
    title = "{ZZ production at hadron colliders in NNLO QCD}",
    eprint = "1405.2219",
    archivePrefix = "arXiv",
    primaryClass = "hep-ph",
    reportNumber = "ZU-TH-19-14, MITP-14-033",
    doi = "10.1016/j.physletb.2014.06.056",
    journal = "Phys. Lett. B",
    volume = "735",
    pages = "311--313",
    year = "2014"
}

@article{Campbell:2011bn,
    author = "Campbell, John M. and Ellis, R. Keith and Williams, Ciaran",
    title = "{Vector boson pair production at the LHC}",
    eprint = "1105.0020",
    archivePrefix = "arXiv",
    primaryClass = "hep-ph",
    reportNumber = "FERMILAB-PUB-11-182-T",
    doi = "10.1007/JHEP07(2011)018",
    journal = "JHEP",
    volume = "07",
    pages = "018",
    year = "2011"
}

@misc{LumiRun2,
    Title = {Luminosity recommendations for Run 2 analyses},
    howpublished = {\url{https://twiki.cern.ch/twiki/bin/view/CMS/LumiRecommendationsRun2}}
}

@article{Barlow:1993dm,
    author = "Barlow, Roger J. and Beeston, Christine",
    title = "{Fitting using finite Monte Carlo samples}",
    reportNumber = "MAN-HEP-93-1",
    doi = "10.1016/0010-4655(93)90005-W",
    journal = "Comput. Phys. Commun.",
    volume = "77",
    pages = "219--228",
    year = "1993"
}



@misc{Combinebblite,
    Title = {Automatic statistical uncertainties},
    howpublished = {\url{https://cms-analysis.github.io/HiggsAnalysis-CombinedLimit/part2/bin-wise-stats/}}
}


@article{GloParTAN,
  author  = "{Dawei Fu, Congqiao Li, Raghav Kansal, Cristina Mantilla Suarez, Melissa Quinnan, Qiang Li, Javier Duarte, Huilin Qu}",
  title   = "{Global Particle Transformer: Pre-training a large boosted-jet model and subsequent fine-tuning}",
  journal = {CMS Physics Analysis Note},
  volume  = {AN-22-134},
  url     = {https://cms.cern.ch/iCMS/user/noteinfo?cmsnoteid=CMS\%20AN-2022/134},
  year    = {2023}
}


@article{Alwall:2011uj,
    author = "Alwall, Johan and Herquet, Michel and Maltoni, Fabio and Mattelaer, Olivier and Stelzer, Tim",
    title = "{MadGraph 5 : Going Beyond}",
    eprint = "1106.0522",
    archivePrefix = "arXiv",
    primaryClass = "hep-ph",
    reportNumber = "FERMILAB-PUB-11-448-T",
    doi = "10.1007/JHEP06(2011)128",
    journal = "JHEP",
    volume = "06",
    pages = "128",
    year = "2011"
}

@misc{pdftwiki,
    Title = {Scale/PDF as well as PS weights in MC Simulations},
    howpublished = {\url{https://twiki.cern.ch/twiki/bin/view/CMS/HowToPDF}}
}

@misc{scaletwiki,
    Title = {Factorization and renormalization scales at matrix-element level},
    howpublished = {\url{https://twiki.cern.ch/twiki/bin/viewauth/CMS/TopSystematics#Factorization_and_renormalizatio}}
}



@article{CMS-LUM-17-003,
  archiveprefix = {arXiv},
  author        = {Sirunyan, Albert M and others},
  collaboration = {CMS},
  doi           = {10.1140/epjc/s10052-021-09538-2},
  eprint        = {2104.01927},
  journal       = {Eur. Phys. J. C},
  pages         = {800},
  primaryclass  = {hep-ex},
  reportnumber  = {CMS-LUM-17-003, CERN-EP-2021-033},
  title         = {Precision luminosity measurement in proton-proton collisions at $\sqrt{s} =$ 13 {TeV} in 2015 and 2016 at {CMS}},
  volume        = {81},
  year          = {2021}
}

@techreport{CMS-PAS-LUM-17-004,
  author        = {{CMS Collaboration}},
  collaboration = {{CMS}},
  number        = {CMS-PAS-LUM-17-004},
  title         = {{CMS} luminosity measurement for the 2017 data-taking period at $\sqrt{s}$ = 13 {TeV}},
  type          = {CMS Physics Analysis Summary},
  url           = {https://cds.cern.ch/record/2621960/},
  year          = {2018}
}

@techreport{CMS-PAS-LUM-18-002,
  author        = {{CMS Collaboration}},
  collaboration = {{CMS}},
  number        = {CMS-PAS-LUM-18-002},
  title         = {{CMS} luminosity measurement for the 2018 data-taking period at $\sqrt{s}$ = 13 {TeV}},
  type          = {CMS Physics Analysis Summary},
  url           = {https://cds.cern.ch/record/2676164/},
  year          = {2019}
}



@techreport{CMS-TDR-15-02,
  author        = {{CMS Collaboration}},
  collaboration = {{CMS}},
  number        = {CERN-LHCC-2015-010, CMS-TDR-15-02},
  title         = {Technical proposal for the {Phase-II} upgrade
                   of the {Compact Muon Solenoid}},
  type          = {CMS Technical Proposal},
  url           = {http://cds.cern.ch/record/2020886},
  year          = {2015}
}


@article{CMS:2008xjf,
  author        = {Chatrchyan, S. and others},
  collaboration = {CMS},
  doi           = {10.1088/1748-0221/3/08/S08004},
  journal       = {JINST},
  pages         = {S08004},
  title         = {The {CMS} experiment at the {CERN} {LHC}},
  volume        = {3},
  year          = {2008}
}


@article{CMS:2016ngn,
  archiveprefix = {arXiv},
  author        = {Khachatryan, Vardan and others},
  collaboration = {CMS},
  doi           = {10.1088/1748-0221/12/01/P01020},
  eprint        = {1609.02366},
  journal       = {JINST},
  pages         = {P01020},
  primaryclass  = {physics.ins-det},
  reportnumber  = {CMS-TRG-12-001, CERN-EP-2016-160},
  title         = {{The CMS trigger system}},
  volume        = {12},
  year          = {2017}
}




@article{CMS:2017yfk,
  archiveprefix = {arXiv},
  author        = {Sirunyan, A. M. and others},
  collaboration = {CMS},
  doi           = {10.1088/1748-0221/12/10/P10003},
  eprint        = {1706.04965},
  journal       = {JINST},
  pages         = {P10003},
  primaryclass  = {physics.ins-det},
  reportnumber  = {CMS-PRF-14-001, CERN-EP-2017-110},
  title         = {Particle-flow reconstruction and global event description with the {CMS} detector},
  volume        = {12},
  year          = {2017}
}

@article{CMS:2020cmk,
  archiveprefix = {arXiv},
  author        = {Sirunyan, Albert M and others},
  collaboration = {CMS},
  doi           = {10.1088/1748-0221/15/10/P10017},
  eprint        = {2006.10165},
  journal       = {JINST},
  pages         = {P10017},
  primaryclass  = {hep-ex},
  reportnumber  = {CMS-TRG-17-001, CERN-EP-2020-065},
  title         = {{Performance of the CMS Level-1 trigger in proton-proton collisions at $\sqrt{s} = 13$\,TeV}},
  volume        = {15},
  year          = {2020}
}

@article{Sirunyan:2017isc,
  archiveprefix = {arXiv},
  author        = {A. M. Sirunyan and others},
  collaboration = {CMS},
  doi           = {10.1016/j.physletb.2018.03.084},
  eprint        = {1710.04960},
  journal       = {Phys. Lett. B},
  pages         = {244},
  primaryclass  = {hep-ex},
  reportnumber  = {CMS-B2G-16-026, CERN-EP-2017-238},
  title         = {{Search for a massive resonance decaying to a pair of Higgs bosons in the four \PQb quark final state in proton-proton collisions at $\sqrt{s}=13\TeV$}},
  volume        = {781},
  year          = {2018}
}

@article{Sirunyan:2018qca,
  archiveprefix = {arXiv},
  author        = {A. M. Sirunyan and others},
  collaboration = {CMS},
  doi           = {10.1007/JHEP01(2019)040},
  eprint        = {1808.01473},
  journal       = {JHEP},
  pages         = {040},
  primaryclass  = {hep-ex},
  reportnumber  = {CMS-B2G-17-019, CERN-EP-2018-195},
  title         = {{Search for production of Higgs boson pairs in the four \PQb quark final state using large-area jets in proton-proton collisions at $\sqrt{s}= 13\TeV$}},
  volume        = {01},
  year          = {2019}
}

@article{Sirunyan:2020foa,
  archiveprefix = {arXiv},
  author        = {Sirunyan, Albert M and others},
  collaboration = {CMS},
  doi           = {10.1088/1748-0221/15/09/p09018},
  eprint        = {2003.00503},
  journal       = {JINST},
  pages         = {P09018},
  primaryclass  = {hep-ex},
  reportnumber  = {CMS-JME-18-001, CERN-EP-2020-017},
  title         = {{Pileup mitigation at CMS in 13 TeV data}},
  volume        = {15},
  year          = {2020}
}

@article{CMS:2022gjd,
  archiveprefix = {arXiv},
  author        = {Tumasyan, Armen and others},
  collaboration = {CMS},
  doi           = {10.1103/PhysRevLett.131.041803},
  eprint        = {2205.06667},
  journal       = {Phys. Rev. Lett.},
  pages         = {041803},
  primaryclass  = {hep-ex},
  reportnumber  = {CMS-B2G-22-003, CERN-EP-2022-090},
  title         = {Search for Nonresonant Pair Production of Highly Energetic {Higgs} Bosons Decaying to Bottom Quarks},
  volume        = {131},
  year          = {2023}
}


@techreport{CMS:2309.05466,
  archiveprefix = {arXiv},
  author        = {Hayrapetyan, Aram and others},
  collaboration = {CMS},
  eprint        = {2309.05466},
  primaryclass  = {physics.ins-det},
  reportnumber  = {CMS-PRF-21-001, CERN-EP-2023-136},
  title         = {{Development of the CMS detector for the CERN LHC Run 3}},
  year          = {2023}
}

@article{Larkoski:2014wba,
  archiveprefix = {arXiv},
  author        = {Larkoski, A. J. and Marzani, S. and Soyez, G. and Thaler, J.},
  doi           = {10.1007/JHEP05(2014)146},
  eprint        = {1402.2657},
  journal       = {JHEP},
  pages         = {146},
  primaryclass  = {hep-ph},
  reportnumber  = {MIT-CTP-4531, DCPT-14-24, IPPP-14-12},
  title         = {{Soft drop}},
  volume        = {05},
  year          = {2014}
}


@article{Cacciari:2011ma,
  archiveprefix = {arXiv},
  author        = {Cacciari, Matteo and Salam, Gavin P. and Soyez, Gregory},
  doi           = {10.1140/epjc/s10052-012-1896-2},
  eprint        = {1111.6097},
  journal       = {Eur. Phys. J. C},
  pages         = {1896},
  primaryclass  = {hep-ph},
  reportnumber  = {CERN-PH-TH-2011-297},
  title         = {{FastJet} user manual},
  volume        = {72},
  year          = {2012}
}


@article{Dittmaier:2012vm,
    author = "Dittmaier, S. and others",
    title = "{Handbook of LHC Higgs Cross Sections: 2. Differential Distributions}",
    eprint = "1201.3084",
    archivePrefix = "arXiv",
    primaryClass = "hep-ph",
    reportNumber = "CERN-2012-002",
    doi = "10.5170/CERN-2012-002",
    month = "1",
    year = "2012"
}

@article{CMS:2022suh,
    author = "Tumasyan, Armen and others",
    collaboration = "CMS",
    title = "{Search for a massive scalar resonance decaying to a light scalar and a Higgs boson in the four b quarks final state with boosted topology}",
    eprint = "2204.12413",
    archivePrefix = "arXiv",
    primaryClass = "hep-ex",
    reportNumber = "CMS-B2G-21-003, CERN-EP-2022-034",
    doi = "10.1016/j.physletb.2022.137392",
    journal = "Phys. Lett. B",
    volume = "842",
    pages = "137392",
    year = "2023"
}

@misc{CMS:2023qiw,
    collaboration = "CMS",
    title = "{Search for HH production in the bbWW decay mode}",
    reportNumber = "CMS-PAS-HIG-21-005",
    year = "2023"
}

@misc{CMS:2022tgk,
    collaboration = "CMS",
    title = "{Search for a new resonance decaying to two scalars in the final state with two bottom quarks and two photons in proton-proton collisions at $\sqrt{s}=13\,\mathrm{TeV}$}",
    reportNumber = "CMS-PAS-HIG-21-011",
    year = "2022"
}

@article{CMS:2021yci,
    author = "Tumasyan, Armen and others",
    collaboration = "CMS",
    title = "{Search for a heavy Higgs boson decaying into two lighter Higgs bosons in the $\tau\tau$bb final state at 13 TeV}",
    eprint = "2106.10361",
    archivePrefix = "arXiv",
    primaryClass = "hep-ex",
    reportNumber = "CMS-HIG-20-014, CERN-EP-2021-094",
    doi = "10.1007/JHEP11(2021)057",
    journal = "JHEP",
    volume = "11",
    pages = "057",
    year = "2021"
}

@article{Alwall:2011uj,
    author = "Alwall, Johan and Herquet, Michel and Maltoni, Fabio and Mattelaer, Olivier and Stelzer, Tim",
    title = "{MadGraph 5 : Going Beyond}",
    eprint = "1106.0522",
    archivePrefix = "arXiv",
    primaryClass = "hep-ph",
    reportNumber = "FERMILAB-PUB-11-448-T",
    doi = "10.1007/JHEP06(2011)128",
    journal = "JHEP",
    volume = "06",
    pages = "128",
    year = "2011"
}

@article{CMS-DP-2021-017,
      collaboration = "CMS",
      title         = "{Mass regression of highly-boosted jets using graph neural
                       networks}",
      year          = "2021",
      url           = "https://cds.cern.ch/record/2777006",
}



@article{FisherFTest,
  author  = {R. A. Fisher},
  doi     = {10.2307/2340521},
  journal = {J. Royal Statistical Society},
  pages   = {87},
  title   = {On the Interpretation of $\chi^2$ from Contingency Tables, and the Calculation of P},
  volume  = {85},
  year    = {1922}
}


@techreport{CMS:2023tlv,
    collaboration = "CMS",
    title = "{Performance of heavy-flavour jet identification in boosted topologies in proton-proton collisions at $\sqrt{s} = 13\TeV$}",
    number = "CMS-PAS-BTV-22-001",
    year = "2023",
    type = "{CMS Physics Analysis Summary}",
    url = "https://cds.cern.ch/record/2866276",
}

@article{Cowan:2010js,
    author = "Cowan, Glen and Cranmer, Kyle and Gross, Eilam and Vitells, Ofer",
    title = "{Asymptotic formulae for likelihood-based tests of new physics}",
    eprint = "1007.1727",
    archivePrefix = "arXiv",
    primaryClass = "physics.data-an",
    doi = "10.1140/epjc/s10052-011-1554-0",
    journal = "Eur. Phys. J. C",
    volume = "71",
    pages = "1554",
    year = "2011",
    note = "[Erratum: Eur.Phys.J.C 73, 2501 (2013)]"
}


@misc{ATLAS:2011tau,
    collaboration = "ATLAS, CMS, LHC Higgs Combination Group",
    title = "{Procedure for the LHC Higgs boson search combination in Summer 2011}",
    reportNumber = "CMS-NOTE-2011-005, ATL-PHYS-PUB-2011-011, ATL-PHYS-PUB-2011-11",
    month = "8",
    year = "2011"
}


@article{Read:2002hq,
    author = "Read, Alexander L.",
    editor = "Whalley, M. R. and Lyons, L.",
    title = "{Presentation of search results: The $CL_s$ technique}",
    doi = "10.1088/0954-3899/28/10/313",
    journal = "J. Phys. G",
    volume = "28",
    pages = "2693--2704",
    year = "2002"
}


@article{Junk:1999kv,
    author = "Junk, Thomas",
    title = "{Confidence level computation for combining searches with small statistics}",
    eprint = "hep-ex/9902006",
    archivePrefix = "arXiv",
    reportNumber = "CARLETON-OPAL-PHYS-99-01, CERN-EP-99-041",
    doi = "10.1016/S0168-9002(99)00498-2",
    journal = "Nucl. Instrum. Meth. A",
    volume = "434",
    pages = "435--443",
    year = "1999"
}


@article{POWHEG1,
  archiveprefix = {arXiv},
  author        = {Nason, Paolo},
  doi           = {10.1088/1126-6708/2004/11/040},
  eprint        = {hep-ph/0409146},
  journal       = {JHEP},
  pages         = {040},
  primaryclass  = {hep-ph},
  reportnumber  = {BICOCCA-FT-04-11},
  title         = {A New method for combining {NLO QCD} with shower {Monte
                   Carlo} algorithms},
  volume        = {11},
  year          = {2004}
}

@article{POWHEG2,
  archiveprefix = {arXiv},
  author        = {Frixione, Stefano and Nason, Paolo and Oleari, Carlo},
  doi           = {10.1088/1126-6708/2007/11/070},
  eprint        = {0709.2092},
  journal       = {JHEP},
  pages         = {070},
  primaryclass  = {hep-ph},
  reportnumber  = {BICOCCA-FT-07-9, GEF-TH-21-2007},
  title         = {Matching {NLO QCD} computations with Parton Shower
                   simulations: the {POWHEG} method},
  volume        = {11},
  year          = {2007}
}

@article{POWHEG3,
  archiveprefix = {arXiv},
  author        = {Alioli, Simone and Nason, Paolo and Oleari, Carlo and Re,
                   Emanuele},
  doi           = {10.1007/JHEP06(2010)043},
  eprint        = {1002.2581},
  journal       = {JHEP},
  pages         = {043},
  primaryclass  = {hep-ph},
  reportnumber  = {DESY-10-018, SFB-CPP-10-22, IPPP-10-11, DCPT-10-22},
  title         = {A general framework for implementing {NLO} calculations in
                   shower {Monte Carlo} programs: the {POWHEG BOX}},
  volume        = {06},
  year          = {2010}
}

@article{Bagnaschi:2011tu,
  archiveprefix = {arXiv},
  author        = {Bagnaschi, E. and Degrassi, G. and Slavich, P. and Vicini, A.},
  doi           = {10.1007/JHEP02(2012)088},
  eprint        = {1111.2854},
  journal       = {JHEP},
  pages         = {088},
  primaryclass  = {hep-ph},
  title         = {Higgs production via gluon fusion in the {\POWHEG} approach in the {SM} and in the {MSSM}},
  volume        = {02},
  year          = {2012}
}

@article{POWHEG-TT,
  archiveprefix = {arXiv},
  author        = {Je{\v{z}}o, Tom{\'a}{\v{s}} and Lindert, Jonas M. and Nason, Paolo and
                   Oleari, Carlo and Pozzorini, Stefano},
  doi           = {10.1140/epjc/s10052-016-4538-2},
  eprint        = {1607.04538},
  journal       = {Eur. Phys. J. C},
  pages         = {691},
  primaryclass  = {hep-ph},
  reportnumber  = {ZU-TH-22-16},
  title         = {An {NLO+PS} generator for {$\ttbar$} and {$\PW\PQt$} production
                   and decay including non-resonant and interference
                   effects},
  volume        = {76},
  year          = {2016}
}

@article{Alwall:2014hca,
  archiveprefix = {arXiv},
  author        = {Alwall, J. and Frederix, R. and Frixione, S. and Hirschi, V. and Maltoni, F. and Mattelaer, O.
                   and Shao, H.-S. and Stelzer, T. and Torrielli, P. and Zaro, M.},
  doi           = {10.1007/JHEP07(2014)079},
  eprint        = {1405.0301},
  journal       = {JHEP},
  pages         = {079},
  primaryclass  = {hep-ph},
  title         = {The automated computation of tree-level and next-to-leading order differential cross sections, and their matching to parton shower simulations},
  volume        = {07},
  year          = {2014}
}


@article{Baglio:2018lrj,
  archiveprefix = {arXiv},
  author        = {Baglio, Julien and Campanario, Francisco and Glaus, Seraina and M{\"{u}}hlleitner, Margarete and Spira, Michael and Streicher, Juraj},
  doi           = {10.1140/epjc/s10052-019-6973-3},
  eprint        = {1811.05692},
  journal       = {Eur. Phys. J. C},
  pages         = {459},
  primaryclass  = {hep-ph},
  reportnumber  = {FTUV-18-1113, IFIC/18-55, KA-TP-32-2018, PSI-PR-18-14},
  title         = {Gluon fusion into {Higgs} pairs at {NLO QCD} and the top mass scheme},
  volume        = {79},
  year          = {2019}
}

@article{Sjostrand:2014zea,
  archiveprefix = {arXiv},
  author        = {Sj{\"o}strand, Torbj{\"o}rn and Ask, Stefan and Christiansen,
                   Jesper R. and Corke, Richard and Desai, Nishita and Ilten,
                   Philip and Mrenna, Stephen and Prestel, Stefan and
                   Rasmussen, Christine O. and Skands, Peter Z.},
  doi           = {10.1016/j.cpc.2015.01.024},
  eprint        = {1410.3012},
  journal       = {Comput. Phys. Commun.},
  pages         = {159},
  primaryclass  = {hep-ph},
  reportnumber  = {LU-TP-14-36, MCNET-14-22, CERN-PH-TH-2014-190,
                   FERMILAB-PUB-14-316-CD, DESY-14-178, SLAC-PUB-16122},
  title         = {An Introduction to {\PYTHIA8.2}},
  volume        = {191},
  year          = {2015}
}


@article{CMS:2019csb,
  archiveprefix = {arXiv},
  author        = {Sirunyan, Albert M and others},
  collaboration = {CMS},
  doi           = {10.1140/epjc/s10052-019-7499-4},
  eprint        = {1903.12179},
  journal       = {Eur. Phys. J. C},
  pages         = {4},
  primaryclass  = {hep-ex},
  reportnumber  = {CMS-GEN-17-001, CERN-EP-2019-007},
  title         = {Extraction and validation of a new set of {CMS} {\PYTHIA}{8} tunes from underlying-event measurements},
  volume        = {80},
  year          = {2020}
}

@article{Ball:2014uwa,
  archiveprefix = {arXiv},
  author        = {Ball, Richard D. and others},
  collaboration = {NNPDF},
  doi           = {10.1007/JHEP04(2015)040},
  eprint        = {1410.8849},
  journal       = {JHEP},
  pages         = {040},
  primaryclass  = {hep-ph},
  reportnumber  = {EDINBURGH-2014-15, IFUM-1034-FT, CERN-PH-TH-2013-253, OUTP-14-11P, CAVENDISH-HEP-14-11},
  title         = {Parton distributions for the {LHC Run II}},
  volume        = {04},
  year          = {2015}
}


@article{Ball:2017,
  archiveprefix = {arXiv},
  author        = {Ball, Richard D. and others},
  collaboration = {NNPDF},
  doi           = {10.1140/epjc/s10052-017-5199-5},
  eprint        = {1706.00428},
  journal       = {Eur. Phys. J. C},
  pages         = {663},
  primaryclass  = {hep-ph},
  reportnumber  = {CAVENDISH-HEP-17-06, CERN-TH-2017-077, EDINBURGH-2017-08, NIKHEF-2017-006, OUTP-17-04P, TIF-UNIMI-2017-3},
  title         = {{Parton distributions from high-precision collider data}},
  volume        = {77},
  year          = {2017}
}


@article{CMS:2022hgz,
    author = "Tumasyan, Armen and others",
    collaboration = "CMS",
    title = "{Search for nonresonant Higgs boson pair production in final state with two bottom quarks and two tau leptons in proton-proton collisions at s=13~TeV}",
    eprint = "2206.09401",
    archivePrefix = "arXiv",
    primaryClass = "hep-ex",
    reportNumber = "CMS-HIG-20-010, CERN-EP-2022-117",
    doi = "10.1016/j.physletb.2022.137531",
    journal = "Phys. Lett. B",
    volume = "842",
    pages = "137531",
    year = "2023"
}

@article{CMS:2022cpr,
    author = "Tumasyan, Armen and others",
    collaboration = "CMS",
    title = "{Search for Higgs Boson Pair Production in the Four b Quark Final State in Proton-Proton Collisions at s=13\,\,TeV}",
    eprint = "2202.09617",
    archivePrefix = "arXiv",
    primaryClass = "hep-ex",
    reportNumber = "CMS-HIG-20-005, CERN-EP-2022-004",
    doi = "10.1103/PhysRevLett.129.081802",
    journal = "Phys. Rev. Lett.",
    volume = "129",
    number = "8",
    pages = "081802",
    year = "2022"
}

@techreport{ATLAS-CONF-2024-003,
      collaboration = "ATLAS",
      title         = "{Search for pair production of boosted Higgs bosons via
                       vector-boson fusion production in the $b\bar{b}b\bar{b}$
                       final state using $pp$ collisions at $\sqrt{s} = 13$ TeV
                       with the ATLAS detector}",
      institution   = "CERN",
      reportNumber  = "ATLAS-CONF-2024-003",
      address       = "Geneva",
      year          = "2024",
      url           = "https://cds.cern.ch/record/2892521",
} 


@article{Bishara:2016kjn,
    author = "Bishara, Fady and Contino, Roberto and Rojo, Juan",
    title = "{Higgs pair production in vector-boson fusion at the LHC and beyond}",
    eprint = "1611.03860",
    archivePrefix = "arXiv",
    primaryClass = "hep-ph",
    doi = "10.1140/epjc/s10052-017-5037-9",
    journal = "Eur. Phys. J. C",
    volume = "77",
    number = "7",
    pages = "481",
    year = "2017"
}

@article{Frixione:2007nw,
    author = "Frixione, Stefano and Nason, Paolo and Ridolfi, Giovanni",
    title = "{A Positive-weight next-to-leading-order Monte Carlo for heavy flavour hadroproduction}",
    eprint = "0707.3088",
    archivePrefix = "arXiv",
    primaryClass = "hep-ph",
    reportNumber = "BICOCCA-FT-07-12, GEF-TH-19-2007",
    doi = "10.1088/1126-6708/2007/09/126",
    journal = "JHEP",
    volume = "09",
    pages = "126",
    year = "2007"
}


@article{CMS-DP-2023-046,
      collaboration = "CMS",
      title         = "{Lund Plane Reweighting for Jet Substructure Correction}",
      year          = "2023",
      url           = "https://cds.cern.ch/record/2866330",
}

@article{Krohn:2009th,
    author = "Krohn, David and Thaler, Jesse and Wang, Lian-Tao",
    title = "{Jet Trimming}",
    eprint = "0912.1342",
    archivePrefix = "arXiv",
    primaryClass = "hep-ph",
    doi = "10.1007/JHEP02(2010)084",
    journal = "JHEP",
    volume = "02",
    pages = "084",
    year = "2010"
}

@article{CMS-DP-2021-033,
      collaboration = "CMS",
      title         = "{Jet energy scale and resolution measurement with Run~2
                       Legacy Data Collected by CMS at 13~TeV}",
      year          = "2021",
      url           = "https://cds.cern.ch/record/2792322",
}

@article{Mrenna:2016sih,
    author = "Mrenna, S. and Skands, P.",
    title = "{Automated Parton-Shower Variations in Pythia 8}",
    eprint = "1605.08352",
    archivePrefix = "arXiv",
    primaryClass = "hep-ph",
    reportNumber = "COEPP-MN-16-13, MCNET-16-14, FERMILAB-PUB-16-186-CD, MCNET-16-15",
    doi = "10.1103/PhysRevD.94.074005",
    journal = "Phys. Rev. D",
    volume = "94",
    number = "7",
    pages = "074005",
    year = "2016"
}