@unpublished{thomas2018tensor,
    title={Tensor field networks: Rotation- and translation-equivariant neural networks for 3D point clouds}, 
    author={Nathaniel Thomas and Tess Smidt and Steven Kearnes and Lusann Yang and Li Li and Kai Kohlhoff and Patrick Riley},
    year={2018},
    eprint={1802.08219},
    archivePrefix={arXiv},
    primaryClass={cs.LG}
}


@InProceedings{cohen2016group,
  title = 	 {Group Equivariant Convolutional Networks},
  author = 	 {Cohen, Taco and Welling, Max},
  booktitle = 	 {Proceedings of The 33rd International Conference on Machine Learning},
  pages = 	 {2990--2999},
  year = 	 {2016},
  editor = 	 {Balcan, Maria Florina and Weinberger, Kilian Q.},
  volume = 	 {48},
  series = 	 {Proceedings of Machine Learning Research},
  address = 	 {New York, New York, USA},
  month = 	 {20--22 Jun},
  publisher =    {PMLR},
  pdf = 	 {http://proceedings.mlr.press/v48/cohenc16.pdf},
  url = 	 {https://proceedings.mlr.press/v48/cohenc16.html},
}


@inproceedings{cohen2016steerable,
    title={Steerable {CNN}s},
    author={Taco S. Cohen and Max Welling},
    booktitle={International Conference on Learning Representations},
    year={2017},
    url={https://openreview.net/forum?id=rJQKYt5ll}
}


@INPROCEEDINGS {worrall2017harmonic,
    author = {D. E. Worrall and S. J. Garbin and D. Turmukhambetov and G. J. Brostow},
    booktitle = {2017 IEEE Conference on Computer Vision and Pattern Recognition (CVPR)},
    title = {Harmonic Networks: Deep Translation and Rotation Equivariance},
    year = {2017},
    volume = {},
    issn = {1063-6919},
    pages = {7168-7177},
    keywords = {filtering theory;harmonic analysis;power harmonic filters;maximum likelihood detection;nonlinear filters;detectors;computer vision},
    doi = {10.1109/CVPR.2017.758},
    url = {https://doi.ieeecomputersociety.org/10.1109/CVPR.2017.758},
    publisher = {IEEE Computer Society},
    address = {Los Alamitos, CA, USA},
    month = {jul}
}


@inproceedings{weiler2019general,
    author = {Weiler, Maurice and Cesa, Gabriele},
    booktitle = {Advances in Neural Information Processing Systems},
    editor = {H. Wallach and H. Larochelle and A. Beygelzimer and F. d\textquotesingle Alch\'{e}-Buc and E. Fox and R. Garnett},
    pages = {},
    publisher = {Curran Associates, Inc.},
    title = {General E(2)-Equivariant Steerable CNNs},
    url = {https://proceedings.neurips.cc/paper_files/paper/2019/file/45d6637b718d0f24a237069fe41b0db4-Paper.pdf},
    volume = {32},
    year = {2019}
}


@inproceedings{weiler20183d,
 author = {Weiler, Maurice and Geiger, Mario and Welling, Max and Boomsma, Wouter and Cohen, Taco S},
 booktitle = {Advances in Neural Information Processing Systems},
 editor = {S. Bengio and H. Wallach and H. Larochelle and K. Grauman and N. Cesa-Bianchi and R. Garnett},
 pages = {},
 publisher = {Curran Associates, Inc.},
 title = {3D Steerable CNNs: Learning Rotationally Equivariant Features in Volumetric Data},
 url = {https://proceedings.neurips.cc/paper_files/paper/2018/file/488e4104520c6aab692863cc1dba45af-Paper.pdf},
 volume = {31},
 year = {2018}
}

@inproceedings{miller2020relevance,
      title={Relevance of Rotationally Equivariant Convolutions for Predicting Molecular Properties}, 
      author={Benjamin Kurt Miller and Mario Geiger and Tess E. Smidt and Frank Noé},
      year={2020},
      eprint={2008.08461},
      archivePrefix={arXiv},
      primaryClass={cs.LG},
      journal={{NeurIPS workshop on Interpretable Inductive Biases and Physically Structured Learning}}
}


@inproceedings{jing2021equivariant,
      title={Equivariant Graph Neural Networks for 3D Macromolecular Structure}, 
      author={Bowen Jing and Stephan Eismann and Pratham N. Soni and Ron O. Dror},
      year={2021},
      eprint={2106.03843},
      archivePrefix={arXiv},
      primaryClass={cs.LG},
      journal={{ICML workshop on WCB}}
}


@article{Eismann2020HierarchicalRN,
author = {Eismann, Stephan and Townshend, Raphael J.L. and Thomas, Nathaniel and Jagota, Milind and Jing, Bowen and Dror, Ron O.},
title = {Hierarchical, rotation-equivariant neural networks to select structural models of protein complexes},
journal = {Proteins: Structure, Function, and Bioinformatics},
volume = {89},
number = {5},
pages = {493-501},
keywords = {equivariant neural network, physics-aware machine learning, protein docking, representation learning},
doi = {https://doi.org/10.1002/prot.26033},
url = {https://onlinelibrary.wiley.com/doi/abs/10.1002/prot.26033},
eprint = {https://onlinelibrary.wiley.com/doi/pdf/10.1002/prot.26033},
year = {2021}
}


@article{chen2020direct,
author = {Chen, Zhantao and Andrejevic, Nina and Smidt, Tess and Ding, Zhiwei and Xu, Qian and Chi, Yen-Ting and Nguyen, Quynh T. and Alatas, Ahmet and Kong, Jing and Li, Mingda},
title = {Direct Prediction of Phonon Density of States With Euclidean Neural Networks},
journal = {Advanced Science},
volume = {8},
number = {12},
pages = {2004214},
keywords = {density of states, machine learning, phonons},
doi = {https://doi.org/10.1002/advs.202004214},
url = {https://onlinelibrary.wiley.com/doi/abs/10.1002/advs.202004214},
year = {2021}
}


@InProceedings{bogatskiy2020lorentz,
  title = 	 {{L}orentz Group Equivariant Neural Network for Particle Physics},
  author =       {Bogatskiy, Alexander and Anderson, Brandon and Offermann, Jan and Roussi, Marwah and Miller, David and Kondor, Risi},
  booktitle = 	 {Proceedings of the 37th International Conference on Machine Learning},
  pages = 	 {992--1002},
  year = 	 {2020},
  editor = 	 {III, Hal Daumé and Singh, Aarti},
  volume = 	 {119},
  series = 	 {Proceedings of Machine Learning Research},
  month = 	 {13--18 Jul},
  publisher =    {PMLR},
  pdf = 	 {http://proceedings.mlr.press/v119/bogatskiy20a/bogatskiy20a.pdf},
  url = 	 {https://proceedings.mlr.press/v119/bogatskiy20a.html},
}


@book{gelfand2018representations,
  title={Representations of the Rotation and Lorentz Groups and Their Applications},
  author={Gelfand, I.M. and Minlos, R.A. and Shapiro, Z.Y.},
  isbn={9780486823850},
  lccn={2017048189},
  url={https://books.google.com/books?id=_QZRDwAAQBAJ},
  year={2018},
  publisher={Dover Publications}
}


@misc{karpathy_convolutional_2024,
  author = {Karpathy, Andrej},
  title = {{CS231n Convolutional Neural Networks for Visual Recognition}},
  howpublished = {\href{https://web.archive.org/web/20240428103137/https://cs231n.github.io/convolutional-networks/}{https://cs231n.github.io/convolutional-networks/}},
  note = {Online; accessed 2024-05-27}
}


@Article{iuliana2019convolutional,
  AUTHOR = {Tabian, Iuliana and Fu, Hailing and Sharif Khodaei, Zahra},
  TITLE = {A Convolutional Neural Network for Impact Detection and Characterization of Complex Composite Structures},
  JOURNAL = {Sensors},
  VOLUME = {19},
  YEAR = {2019},
  NUMBER = {22},
  ARTICLE-NUMBER = {4933},
  URL = {https://www.mdpi.com/1424-8220/19/22/4933},
  PubMedID = {31726762},
  ISSN = {1424-8220},
  DOI = {10.3390/s19224933}
}


@book{Zee:2016fuk,
    author = "Zee, Anthony",
    title = "{Group Theory in a Nutshell for Physicists}",
    isbn = "978-1-4008-8118-5, 978-0-691-16269-0",
    publisher = "Princeton University Press",
    address = "USA",
    month = "3",
    year = "2016"
}


@INPROCEEDINGS{weiler2018learning,
  author={Weiler, Maurice and Hamprecht, Fred A. and Storath, Martin},
  booktitle={2018 IEEE/CVF Conference on Computer Vision and Pattern Recognition}, 
  title={Learning Steerable Filters for Rotation Equivariant CNNs}, 
  year={2018},
  volume={},
  number={},
  pages={849-858},
  keywords={Space vehicles;Image segmentation;Orbits;Task analysis;Interpolation;Complexity theory;Integrated circuits},
  doi={10.1109/CVPR.2018.00095}}
