@article{Agostinelli:2002hh,
      author         = "Agostinelli, S. and others",
      title          = "{GEANT4: A Simulation toolkit}",
      collaboration  = "GEANT4",
      journal        = "Nucl. Instrum. Methods Phys. Res. A",
      volume         = "A506",
      year           = "2003",
      pages          = "250",
      doi            = "10.1016/S0168-9002(03)01368-8",
      reportNumber   = "SLAC-PUB-9350, FERMILAB-PUB-03-339",
      SLACcitation   = "%%CITATION = NUIMA,A506,250;%%"
}

@article{Musella:2018rdi,
      author         = "Musella, Pasquale and Pandolfi, Francesco",
      title          = "Fast and Accurate Simulation of Particle Detectors Using
                        Generative Adversarial Networks",
      journal        = "Comput. Softw. Big Sci.",
      volume         = "2",
      year           = "2018",
      pages          = "8",
      doi            = "10.1007/s41781-018-0015-y",
      eprint         = "1805.00850",
      archivePrefix  = "arXiv",
      primaryClass   = "hep-ex",
      SLACcitation   = "%%CITATION = ARXIV:1805.00850;%%"
}

@inproceedings{Goodfellow:2014upx,
      author         = "Goodfellow, Ian J. and Pouget-Abadie, Jean and Mirza,
                        Mehdi and Xu, Bing and Warde-Farley, David and Ozair,
                        Sherjil and Courville, Aaron and Bengio, Yoshua",
      title          = "Generative Adversarial Nets",
      year           = "2014",
      eprint         = "1406.2661",
      archivePrefix  = "arXiv",
      primaryClass   = "stat.ML",
booktitle = {Advances in Neural Information Processing Systems 27},
editor = {Z. Ghahramani and M. Welling and C. Cortes and N. D. Lawrence and K. Q. Weinberger},
pages = {2672},
publisher = {Curran Associates, Inc.},
url = {http://papers.nips.cc/paper/5423-generative-adversarial-nets.pdf}
}

@unpublished{kingma2014auto,
   author = {{Kingma}, D.~P and {Welling}, M.},
    title = "Auto-Encoding Variational {Bayes}",
archivePrefix = "arXiv",
   eprint = {1312.6114},
 primaryClass = "stat.ML",
     year = 2013,
}

@article{deOliveira:2017pjk,
      author         = "de Oliveira, Luke and Paganini, Michela and Nachman,
                        Benjamin",
      title          = "Learning Particle Physics by Example: Location-Aware
                        Generative Adversarial Networks for Physics Synthesis",
      journal        = "Comput. Softw. Big Sci.",
      volume         = "1",
      year           = "2017",
      pages          = "4",
      doi            = "10.1007/s41781-017-0004-6",
      eprint         = "1701.05927",
      archivePrefix  = "arXiv",
      primaryClass   = "stat.ML",
      SLACcitation   = "%%CITATION = ARXIV:1701.05927;%%"
}

@article{Belayneh:2019vyx,
    author = "Belayneh, Dawit and others",
    title = "{Calorimetry with deep learning: particle simulation and reconstruction for collider physics}",
    eprint = "1912.06794",
    archivePrefix = "arXiv",
    primaryClass = "physics.ins-det",
    reportNumber = "FERMILAB-PUB-20-448-CMS",
    doi = "10.1140/epjc/s10052-020-8251-9",
    journal = "Eur. Phys. J. C",
    volume = "80",
    pages = "688",
    year = "2020"
}

@article{Erdmann:2018kuh,
      author         = "Erdmann, Martin and Geiger, Lukas and Glombitza, Jonas
                        and Schmidt, David",
      title          = "{Generating and refining particle detector simulations
                        using the Wasserstein distance in adversarial networks}",
      journal        = "Comput. Softw. Big Sci.",
      volume         = "2",
      year           = "2018",
      pages          = "4",
      doi            = "10.1007/s41781-018-0008-x",
      eprint         = "1802.03325",
      archivePrefix  = "arXiv",
      primaryClass   = "astro-ph.IM",
      SLACcitation   = "%%CITATION = ARXIV:1802.03325;%%"
}

@article{Paganini:2017hrr,
      author         = "Paganini, Michela and de Oliveira, Luke and Nachman,
                        Benjamin",
      title          = "Accelerating Science with Generative Adversarial
                        Networks: An Application to {3D} Particle Showers in
                        Multilayer Calorimeters",
      journal        = "Phys. Rev. Lett.",
      volume         = "120",
      year           = "2018",
      pages          = "042003",
      doi            = "10.1103/PhysRevLett.120.042003",
      eprint         = "1705.02355",
      archivePrefix  = "arXiv",
      primaryClass   = "hep-ex",
      SLACcitation   = "%%CITATION = ARXIV:1705.02355;%%"
}

@article{Paganini:2017dwg,
      author         = "Paganini, Michela and de Oliveira, Luke and Nachman,
                        Benjamin",
      title          = "{CaloGAN}: Simulating {3D} high energy particle showers in
                        multilayer electromagnetic calorimeters with generative
                        adversarial networks",
      journal        = "Phys. Rev. D",
      volume         = "97",
      year           = "2018",
      pages          = "014021",
      doi            = "10.1103/PhysRevD.97.014021",
      eprint         = "1712.10321",
      archivePrefix  = "arXiv",
      primaryClass   = "hep-ex",
      SLACcitation   = "%%CITATION = ARXIV:1712.10321;%%"
}

@inproceedings{1704.00028,
title = {Improved Training of {Wasserstein} {GANs}},
author = {Gulrajani, Ishaan and Ahmed, Faruk and Arjovsky, Martin and Dumoulin, Vincent and Courville, Aaron C},
booktitle = {Advances in Neural Information Processing Systems 30},
editor = {I. Guyon and U. V. Luxburg and S. Bengio and H. Wallach and R. Fergus and S. Vishwanathan and R. Garnett},
pages = {5767},
year = {2017},
publisher = {Curran Associates, Inc.},
url = {http://papers.nips.cc/paper/7159-improved-training-of-wasserstein-gans.pdf},
    eprint = {1704.00028},
    archivePrefix  = "arXiv",
}


@unpublished{Hashemi:2019fkn,
      author         = "Hashemi, Bobak and Amin, Nick and Datta, Kaustuv and
                        Olivito, Dominick and Pierini, Maurizio",
      title          = "{LHC} analysis-specific datasets with Generative
                        Adversarial Networks",
      year           = "2019",
      eprint         = "1901.05282",
      archivePrefix  = "arXiv",
      primaryClass   = "hep-ex",
      SLACcitation   = "%%CITATION = ARXIV:1901.05282;%%"
}

@article{Butter:2019cae,
      author         = "Butter, Anja and Plehn, Tilman and Winterhalder, Ramon",
      title          = "How to {GAN} {LHC} Events",
      journal        = "SciPost Phys.",
      volume         = "7",
      year           = "2019",
      pages          = "075",
      doi            = "10.21468/SciPostPhys.7.6.075",
      eprint         = "1907.03764",
      archivePrefix  = "arXiv",
      primaryClass   = "hep-ph",
      SLACcitation   = "%%CITATION = ARXIV:1907.03764;%%"
}

@misc{MNIST,
  author = {LeCun, Yann and Cortes, Corinna},
  url = {http://yann.lecun.com/exdb/mnist/},
  title = {{MNIST} handwritten digit database},
  year = 2010
}


@article{Carrazza:2019cnt,
      author         = "Carrazza, Stefano and Dreyer, Frédéric A.",
      title          = "{Lund jet images from generative and cycle-consistent
                        adversarial networks}",
      journal        = "Eur. Phys. J. C",
      volume         = "79",
      year           = "2019",
      pages          = "979",
      doi            = "10.1140/epjc/s10052-019-7501-1",
      eprint         = "1909.01359",
      archivePrefix  = "arXiv",
      primaryClass   = "hep-ph",
      reportNumber   = "OUTP-19-09P, TIF-UNIMI-2019-14",
      SLACcitation   = "%%CITATION = ARXIV:1909.01359;%%"
}

@unpublished{Otten:2019hhl,
      author         = "Otten, Sydney and Caron, Sascha and de Swart, Wieske and
                        van Beekveld, Melissa and Hendriks, Luc and van Leeuwen,
                        Caspar and Podareanu, Damian and Ruiz de Austri, Roberto
                        and Verheyen, Rob",
      title          = "Event Generation and Statistical Sampling for Physics
                        with Deep Generative Models and a Density Information
                        Buffer",
      year           = "2019",
      eprint         = "1901.00875",
      archivePrefix  = "arXiv",
      primaryClass   = "hep-ph",
      SLACcitation   = "%%CITATION = ARXIV:1901.00875;%%"
}

@article{DiSipio:2019imz,
      author         = "Di Sipio, Riccardo and Faucci Giannelli, Michele and
                        Ketabchi Haghighat, Sana and Palazzo, Serena",
      title          = "{DijetGAN}: A Generative-Adversarial Network Approach for
                        the Simulation of {QCD} Dijet Events at the {LHC}",
      journal        = "J. High Energy Phys.",
      volume         = "08",
      year           = "2020",
      pages          = "110",
      doi            = "10.1007/JHEP08(2019)110",
      eprint         = "1903.02433",
      archivePrefix  = "arXiv",
      primaryClass   = "hep-ex",
      SLACcitation   = "%%CITATION = ARXIV:1903.02433;%%"
}

@article{Erdmann:2018jxd,
      author         = "Erdmann, Martin and Glombitza, Jonas and Quast, Thorben",
      title          = "Precise simulation of electromagnetic calorimeter
                        showers using a {Wasserstein} Generative Adversarial
                        Network",
      journal        = "Comput. Softw. Big Sci.",
      volume         = "3",
      year           = "2019",      
      pages          = "4",
      doi            = "10.1007/s41781-018-0019-7",
      eprint         = "1807.01954",
      archivePrefix  = "arXiv",
      primaryClass   = "physics.ins-det",
      SLACcitation   = "%%CITATION = ARXIV:1807.01954;%%"
} 

@article{Alves:2017she,
      author         = "{HEP Software Foundation}",
      title          = "A Roadmap for {HEP} Software and Computing {R\&D} for the
                        2020s",
      journal        = "Comput. Softw. Big Sci.",
      volume         = "3",
      year           = "2019",
      pages          = "7",
      doi            = "10.1007/s41781-018-0018-8",
      eprint         = "1712.06982",
      archivePrefix  = "arXiv",
      primaryClass   = "physics.comp-ph",
      reportNumber   = "HSF-CWP-2017-01, HSF-CWP-2017-001,
                        FERMILAB-PUB-17-607-CD",
      SLACcitation   = "%%CITATION = ARXIV:1712.06982;%%"
}


@article{subjettiness,
      author         = "Thaler, Jesse and Van Tilburg, Ken",
      title          = "{Identifying Boosted Objects with N-subjettiness}",
      journal        = "J. High Energy Phys.",
      volume         = "03",
      year           = "2011",
      pages          = "015",
      doi            = "10.1007/JHEP03(2011)015",
      eprint         = "1011.2268",
      archivePrefix  = "arXiv",
      primaryClass   = "hep-ph",
      reportNumber   = "MIT-CTP-4191",
      SLACcitation   = "%%CITATION = ARXIV:1011.2268;%%"
}
@article{PFcms,
      author         = "Sirunyan, A. M. and others",
      title          = "{Particle-flow reconstruction and global event
                        description with the CMS detector}",
      collaboration  = "CMS",
      journal        = "J. Instrum.",
      volume         = "12",
      year           = "2017",
      pages          = "P10003",
      doi            = "10.1088/1748-0221/12/10/P10003",
      eprint         = "1706.04965",
      archivePrefix  = "arXiv",
      primaryClass   = "physics.ins-det",
      reportNumber   = "CMS-PRF-14-001, CERN-EP-2017-110",
      SLACcitation   = "%%CITATION = ARXIV:1706.04965;%%"
}

@article{antikt,
      author         = "Cacciari, Matteo and Salam, Gavin P. and Soyez, Gregory",
      title          = "{The anti-$k_{\mathrm{T}}$ jet clustering algorithm}",
      journal        = "J. High Energy Phys.",
      volume         = "04",
      year           = "2008",
      pages          = "063",
      doi            = "10.1088/1126-6708/2008/04/063",
      eprint         = "0802.1189",
      archivePrefix  = "arXiv",
      primaryClass   = "hep-ph",
      reportNumber   = "LPTHE-07-03",
      SLACcitation   = "%%CITATION = ARXIV:0802.1189;%%"
}


@INPROCEEDINGS{Salamani:2645142,
author={D. {Salamani} and S. {Gadatsch} and T. {Golling} and G. A. {Stewart} and A. {Ghosh} and D. {Rousseau} and A. {Hasib} and J. {Schaarschmidt} and {ATLAS Collaboration}},
  booktitle={2018 IEEE 14th International Conference on e-Science (e-Science)}, 
  title={Deep Generative Models for Fast Shower Simulation in ATLAS}, 
  year={2018},
  pages={348},
      reportNumber  = "ATL-SOFT-SLIDE-2018-983",
      url           = "http://cds.cern.ch/record/2645142",
  doi={10.1109/eScience.2018.00091}
  }


@article{Martinez:2019jlu,
    author = "Arjona Mart\'{i}nez, Jesús and Nguyen, Thong Q. and Pierini, Maurizio and Spiropulu, Maria and Vlimant, Jean-Roch",
    title = "Particle Generative Adversarial Networks for full-event simulation at the {LHC} and their application to pileup description",
    eprint = "1912.02748",
    archivePrefix = "arXiv",
    primaryClass = "hep-ex",
    doi = "10.1088/1742-6596/1525/1/012081",
    journal = "J. Phys. Conf. Ser.",
      booktitle      = "{19th International Workshop on Advanced Computing and Analysis Techniques in Physics Research (ACAT 2019)}",
    volume = "1525",
    pages = "012081",
    year = "2020",
}

@inproceedings{monti2017geometric,
  author    = {Federico Monti and
               Davide Boscaini and
               Jonathan Masci and
               Emanuele Rodol{\`{a}} and
               Jan Svoboda and
               Michael M. Bronstein},
  title     = {Geometric deep learning on graphs and manifolds using mixture model {CNNs}},
  booktitle={2017 IEEE Conference on Computer Vision and Pattern Recognition (CVPR)}, 
  archivePrefix = {arXiv},
  eprint    = {1611.08402},
  year={2017},
  doi={10.1109/CVPR.2017.576},
  pages={5425},
  publisher = "IEEE",
  address = "New York, NY"
  }

@inproceedings{kigma2015adam,
  author    = {Diederik P. Kingma and
               Jimmy Ba},
  title     = {Adam: {A} Method for Stochastic Optimization},
  year      = {2015},
  archivePrefix = {arXiv},
  eprint    = {1412.6980},
  booktitle = {3rd International Conference on Learning Representations, {ICLR} 2015},
  publisher = "ICLR",
  address = "San Diego",
}


@article{tsne,
  author = {van der Maaten, Laurens and Hinton, Geoffrey},
  journal = {J. Mach. Learn. Res.},
  pages = {2579},
  title = {Visualizing Data using {t-SNE} },
  note = {\href{http://www.jmlr.org/papers/v9/vandermaaten08a.html}{http://www.jmlr.org/papers/v9/vandermaaten08a.html}},
  volume = 9,
  year = 2008
}

@misc{hls4mldata_150p,
  author       = {Pierini, Maurizio and
                  Duarte, Javier Mauricio and
                  Tran, Nhan and
                  Freytsis, Marat},
  title        = {\texttt{hls4ml} {LHC} Jet dataset (150 particles)},
  month        = 01,
  year         = 2020,
  publisher    = {Zenodo},
  doi          = {10.5281/zenodo.3602260},
}

@misc{hls4mldata_100p,
  author       = {Pierini, Maurizio and
                  Duarte, Javier Mauricio and
                  Tran, Nhan and
                  Freytsis, Marat},
  title        = {\texttt{hls4ml} {LHC} Jet dataset (100 particles)},
  month        = 01,
  year         = 2020,
  publisher    = {Zenodo},
  doi          = {10.5281/zenodo.3602254},
}

@misc{hls4mldata_50p,
  author       = {Pierini, Maurizio and
                  Duarte, Javier Mauricio and
                  Tran, Nhan and
                  Freytsis, Marat},
 title        = {\texttt{hls4ml} {LHC} Jet dataset (50 particles)},
  month        = 01,
  year         = 2020,
  publisher    = {Zenodo},
  doi          = {10.5281/zenodo.3601443},
}

@misc{hls4mldata_30p,
  author       = {Pierini, Maurizio and
                  Duarte, Javier Mauricio and
                  Tran, Nhan and
                  Freytsis, Marat},
title        = {\texttt{hls4ml} {LHC} Jet dataset (30 particles)},
  month        = 01,
  year         = 2020,
  publisher    = {Zenodo},
  doi          = {10.5281/zenodo.3601436},
}


@article{hls4ml,
      author         = "Duarte, Javier and others",
      title          = "{Fast inference of deep neural networks in FPGAs for
                        particle physics}",
      journal        = "J. Instrum.",
      volume         = "13",
      year           = "2018",
      pages          = "P07027",
      doi            = "10.1088/1748-0221/13/07/P07027",
      eprint         = "1804.06913",
      archivePrefix  = "arXiv",
      primaryClass   = "physics.ins-det",
      reportNumber   = "FERMILAB-PUB-18-089-E",
      SLACcitation   = "%%CITATION = ARXIV:1804.06913;%%"
}


@article{jedinet,
      author         = "Moreno, Eric A. and Cerri, Olmo and Duarte, Javier M. and
                        Newman, Harvey B. and Nguyen, Thong Q. and Periwal, Avikar
                        and Pierini, Maurizio and Serikova, Aidana and Spiropulu,
                        Maria and Vlimant, Jean-Roch",
      title          = "{JEDI-net: a jet identification algorithm based on
                        interaction networks}",
      journal        = "Eur. Phys. J. C",
      volume         = "80",
      year           = "2020",
      pages          = "58",
      doi            = "10.1140/epjc/s10052-020-7608-4",
      eprint         = "1908.05318",
      archivePrefix  = "arXiv",
      primaryClass   = "hep-ex",
      reportNumber   = "FERMILAB-PUB-19-360-PPD",
      SLACcitation   = "%%CITATION = ARXIV:1908.05318;%%"
}

@inproceedings{NND, 
author = {Sainin, Mohd Shamrie and Alfred, Rayner}, 
title = {Nearest Neighbour Distance Matrix Classification}, 
year = {2010}, 
booktitle = {Proceedings of the 6th International Conference on Advanced Data Mining and Applications: Part I}, 
pages = {114–124}, 
}

@inproceedings{gilmer2017neural,
author = {Gilmer, Justin and Schoenholz, Samuel S. and Riley, Patrick F. and Vinyals, Oriol and Dahl, George E.},
title = {Neural Message Passing for Quantum Chemistry},
year = {2017},
publisher = {PMLR},
  editor = 	 {Doina Precup and Yee Whye Teh},
booktitle = {Proceedings of the 34th International Conference on Machine Learning},
volume = {70},
pages = {1263},
numpages = {10},
eprint ="1704.01212",
  url = 	 {http://proceedings.mlr.press/v70/gilmer17a.html},
}

@article{Coleman:2017fiq,
      author         = "Coleman, Evan and Freytsis, Marat and Hinzmann, Andreas
                        and Narain, Meenakshi and Thaler, Jesse and Tran, Nhan and
                        Vernieri, Caterina",
      title          = "{The importance of calorimetry for highly-boosted jet
                        substructure}",
      journal        = "J. Instrum.",
      volume         = "13",
      year           = "2018",
      pages          = "T01003",
      doi            = "10.1088/1748-0221/13/01/T01003",
      eprint         = "1709.08705",
      archivePrefix  = "arXiv",
      primaryClass   = "hep-ph",
      reportNumber   = "FERMILAB-PUB-17-347-E, MIT-CTP-4935",
      SLACcitation   = "%%CITATION = ARXIV:1709.08705;%%"
}


@InProceedings{pmlr-v70-gilmer17a,
  title = 	 {Neural Message Passing for Quantum Chemistry},
  author =       {Justin Gilmer and Samuel S. Schoenholz and Patrick F. Riley and Oriol Vinyals and George E. Dahl},
  pages = 	 {1263},
  year = 	 {2017},
  editor = 	 {Doina Precup and Yee Whye Teh},
  volume = 	 {70},
  series = 	 {Proceedings of Machine Learning Research},
  publisher =    {PMLR},
  pdf = 	 {http://proceedings.mlr.press/v70/gilmer17a/gilmer17a.pdf},
  url = 	 {http://proceedings.mlr.press/v70/gilmer17a.html},
}



@unpublished{karras_2020,
    title={Training Generative Adversarial Networks with Limited Data},
    author={Tero Karras and Miika Aittala and Janne Hellsten and Samuli Laine and Jaakko Lehtinen and Timo Aila},
    year={2020},
    eprint={2006.06676},
    archivePrefix={arXiv},
    primaryClass={cs.CV}
}

@unpublished{zhao_2020,
    title={Image Augmentations for {GAN} Training},
    author={Zhengli Zhao and Zizhao Zhang and Ting Chen and Sameer Singh and Han Zhang},
    year={2020},
    eprint={2006.02595},
    archivePrefix={arXiv},
    primaryClass={cs.LG}
}

@unpublished{tran_2020,
    title={On Data Augmentation for {GAN} Training},
    author={Ngoc-Trung Tran and Viet-Hung Tran and Ngoc-Bao Nguyen and Trung-Kien Nguyen and Ngai-Man Cheung},
    year={2020},
    eprint={2006.05338},
    archivePrefix={arXiv},
    primaryClass={cs.CV}
}

@inproceedings{TTUR,
title = {{GANs} Trained by a Two Time-Scale Update Rule Converge to a Local Nash Equilibrium},
author = {Heusel, Martin and Ramsauer, Hubert and Unterthiner, Thomas and Nessler, Bernhard and Hochreiter, Sepp},
booktitle = {Advances in Neural Information Processing Systems 30},
editor = {I. Guyon and U. V. Luxburg and S. Bengio and H. Wallach and R. Fergus and S. Vishwanathan and R. Garnett},
pages = {6626},
year = {2017},
publisher = {Curran Associates, Inc.},
url = {http://papers.nips.cc/paper/7240-gans-trained-by-a-two-time-scale-update-rule-converge-to-a-local-nash-equilibrium.pdf},
eprint = "1706.08500",
}

@unpublished{WGAN,
    title={Wasserstein GAN},
    author={Martin Arjovsky and Soumith Chintala and Léon Bottou},
    year={2017},
    eprint={1701.07875},
    archivePrefix={arXiv},
    primaryClass={stat.ML}
}

@unpublished{hinge1,
    title={Geometric {GAN}},
    author={Jae Hyun Lim and Jong Chul Ye},
    year={2017},
    eprint={1705.02894},
    archivePrefix={arXiv},
    primaryClass={stat.ML}
}

@inproceedings{hinge2,
    title={Hierarchical Implicit Models and Likelihood-Free Variational Inference},
    author={Dustin Tran and Rajesh Ranganath and David M. Blei},
    year={2017},
    eprint={1702.08896},
    archivePrefix={arXiv},
    primaryClass={stat.ML},
booktitle = {Advances in Neural Information Processing Systems 30},
editor = {I. Guyon and U. V. Luxburg and S. Bengio and H. Wallach and R. Fergus and S. Vishwanathan and R. Garnett},
pages = {5523},
publisher = {Curran Associates, Inc.},
url = {http://papers.nips.cc/paper/7136-hierarchical-implicit-models-and-likelihood-free-variational-inference.pdf}
}


@inproceedings{spectralnorm,
    title={Spectral Normalization for Generative Adversarial Networks},
    author={Takeru Miyato and Toshiki Kataoka and Masanori Koyama and Yuichi Yoshida},
    year={2018},
    eprint={1802.05957},
    archivePrefix={arXiv},
    primaryClass={cs.LG},
booktitle={6th International Conference on Learning Representations},
url={https://openreview.net/forum?id=B1QRgziT-},
}

@unpublished{acgd,
    title={Implicit competitive regularization in {GANs}},
    author={Florian Schäfer and Hongkai Zheng and Anima Anandkumar},
    year={2019},
    eprint={1910.05852},
    archivePrefix={arXiv},
    primaryClass={cs.LG}
}

@inproceedings{wgangp,
    title={Improved Training of Wasserstein GANs},
    author={Ishaan Gulrajani and Faruk Ahmed and Martin Arjovsky and Vincent Dumoulin and Aaron Courville},
    year={2017},
    eprint={1704.00028},
    archivePrefix={arXiv},
    primaryClass={cs.LG},
booktitle = {Advances in Neural Information Processing Systems 30},
editor = {I. Guyon and U. V. Luxburg and S. Bengio and H. Wallach and R. Fergus and S. Vishwanathan and R. Garnett},
pages = {5767},
publisher = {Curran Associates, Inc.},
url = {http://papers.nips.cc/paper/7159-improved-training-of-wasserstein-gans.pdf}
}


@article{dropout,
  author  = {Nitish Srivastava and Geoffrey Hinton and Alex Krizhevsky and Ilya Sutskever and Ruslan Salakhutdinov},
  title   = {Dropout: A Simple Way to Prevent Neural Networks from Overfitting},
  journal = {J. Mach. Learn. Res.},
  year    = {2014},
  volume  = {15},
  pages   = {1929},
  url     = {http://jmlr.org/papers/v15/srivastava14a.html}
}


@inproceedings{batchnorm,
 author = {Ioffe, Sergey and Szegedy, Christian},
 title = {Batch Normalization: Accelerating Deep Network Training by Reducing Internal Covariate Shift},
 booktitle = {Proceedings of the 32nd International Conference on Machine Learning},
 year = {2015},
 location = {Lille, France},
 pages = {448},
 numpages = {9},
 archivePrefix = {arXiv},
 eprint    = {1502.03167},
 url = {http://proceedings.mlr.press/v37/ioffe15.html},
 publisher = {PMLR},
 editor = {Francis Bach and David Blei}, 
 volume = {37}, 
} 

@inproceedings{hgcal,
    author = "Martelli, Arabella",
    collaboration = "CMS",
    title = "{The CMS HGCAL detector for HL-LHC upgrade}",
    booktitle = "{5th Large Hadron Collider Physics Conference}",
    eprint = "1708.08234",
    archivePrefix = "arXiv",
    primaryClass = "physics.ins-det",
    month = "8",
    year = "2017"
}

@unpublished{Lu:2020npg,
    author = "Lu, Yadong and Collado, Julian and Whiteson, Daniel and Baldi, Pierre",
    title = "{SARM}: Sparse Autoregressive Model for Scalable Generation of Sparse Images in Particle Physics",
    eprint = "2009.14017",
    archivePrefix = "arXiv",
    primaryClass = "physics.data-an",
    year = "2020"
}

@misc{graph_gan_repo,
    author       = {Kansal, Raghav},
    title        = {rkansal47/graph-gan: v0.1.0},
    year         = 2020,
    doi          = {10.5281/zenodo.4299011},
    version      = {0.1.0},
    publisher    = {Zenodo},
    }