@inproceedings{stelzner2020generative,
  title={Generative adversarial set transformers},
  author={Stelzner, Karl and Kersting, Kristian and Kosiorek, Adam R},
  booktitle={{Workshop on Object-Oriented Learning at ICML}},
  volume={3},
  pages={1},
  year={2020},
  url = {https://ml-research.github.io/papers/stelzner2020ood_gast.pdf}
}

@inproceedings{kansal2021particle,
  title={Particle cloud generation with message passing generative adversarial networks},
  author={Kansal, Raghav and Duarte, Javier and Su, Hao and Orzari, Breno and Tomei, Thiago and Pierini, Maurizio and Touranakou, Mary and Gunopulos, Dimitrios and others},
  booktitle={{Advances in Neural Information Processing Systems}},
  volume={34},
  pages={23858},
  year={2021},
  archivePrefix={arXiv},
  eprint            = {2106.11535},
  primaryclass      = {cs.LG},
  url               = {https://papers.nips.cc/paper/2021/hash/c8512d142a2d849725f31a9a7a361ab9-Abstract.html},
	editor = {M. Ranzato and A. Beygelzimer and Y. Dauphin and P.S. Liang and J. Wortman Vaughan},
	publisher = {Curran Associates, Inc.},
	title = {Particle Cloud Generation with Message Passing Generative Adversarial Networks},
	url = {https://papers.nips.cc/paper/2021/hash/c8512d142a2d849725f31a9a7a361ab9-Abstract.html},
}


@inproceedings{lee2019set,
  title={Set Transformer: A Framework for Attention-based Permutation-Invariant Neural Networks},
  author={Lee, Juho and Lee, Yoonho and Kim, Jungtaek and Kosiorek, Adam R. and Choi, Seungjin and Teh, Yee Whye},
  archivePrefix={arXiv},
  eprint={1810.00825},
  primaryclass={cs.LG},
  year={2019},
  booktitle = 	 {{Proceedings of the 36th International Conference on Machine Learning}},
  pages = 	 {3744},
  editor = 	 {Chaudhuri, Kamalika and Salakhutdinov, Ruslan},
  volume = 	 {97},
  url = 	 {https://proceedings.mlr.press/v97/lee19d.html},
}


@article{buhmann2023epic,
    author = "Buhmann, Erik and Kasieczka, Gregor and Thaler, Jesse",
    title = "{{EPiC-GAN}: Equivariant Point Cloud Generation for Particle Jets}",
    eprint = "2301.08128",
    archivePrefix = "arXiv",
    primaryClass = "hep-ph",
    reportNumber = "MIT-CTP 5519",
    doi = "10.21468/SciPostPhys.15.4.130",
    journal = "SciPost Phys.",
    volume = "15",
    pages = "130",
    year = "2023"
}

@article{Kansal:2022spb,
    author = "Kansal, Raghav and Li, Anni and Duarte, Javier and Chernyavskaya, Nadezda and Pierini, Maurizio and Orzari, Breno and Tomei, Thiago",
    title = "{Evaluating generative models in high energy physics}",
    eprint = "2211.10295",
    archivePrefix = "arXiv",
    primaryClass = "hep-ex",
    reportNumber = "FERMILAB-PUB-22-872-CMS-PPD",
    doi = "10.1103/PhysRevD.107.076017",
    journal = "Phys. Rev. D",
    volume = "107",
    number = "7",
    pages = "076017",
    year = "2023"
}

@dataset{kansal_raghav_2022_6975118,
  author       = {Kansal, Raghav and
                  Duarte, Javier and
                  Su, Hao and
                  Orzari, Breno and
                  Tomei, Thiago and
                  Pierini, Maurizio and
                  Touranakou, Mary and
                  Vlimant, Jean-Roch and
                  Gunopulos, Dimitrios},
  title        = {{JetNet}},
  year         = {2022},
  publisher    = {Zenodo},
  version      = {2},
  doi          = {10.5281/zenodo.6975118},
  note = {\url{https://doi.org/10.5281/zenodo.6975118}}
}


@inproceedings{TTUR,
title = {{GANs} Trained by a Two Time-Scale Update Rule Converge to a Local Nash Equilibrium},
author = {Heusel, Martin and Ramsauer, Hubert and Unterthiner, Thomas and Nessler, Bernhard and Hochreiter, Sepp},
booktitle = {Advances in Neural Information Processing Systems},
editor = {I. Guyon and U. V. Luxburg and S. Bengio and H. Wallach and R. Fergus and S. Vishwanathan and R. Garnett},
pages = {6626},
volume = {30},
year = {2017},
publisher = {Curran Associates, Inc.},
address = {Red Hook, NY},
url = {https://papers.nips.cc/paper_files/paper/2017/hash/8a1d694707eb0fefe65871369074926d-Abstract.html},
archivePrefix = {arXiv},
eprint = "1706.08500",
primaryClass={cs.LG}
}

@article{Komiske:2017aww,
    author = "Komiske, Patrick T. and Metodiev, Eric M. and Thaler, Jesse",
    title = "{Energy flow polynomials: A complete linear basis for jet substructure}",
    eprint = "1712.07124",
    archivePrefix = "arXiv",
    primaryClass = "hep-ph",
    reportNumber = "MIT-CTP-4965",
    doi = "10.1007/JHEP04(2018)013",
    journal = "JHEP",
    volume = "04",
    pages = "013",
    year = "2018"
}

@article{Kansal_JetNet_2023,
  author = {Kansal, Raghav and Pareja, Carlos and Hao, Zichun and Duarte, Javier},
  doi = {10.21105/joss.05789},
  journal = {J. Open Source Softw.},
  number = {90},
  pages = {5789},
  title = {{JetNet: A Python package for accessing open datasets and benchmarking machine learning methods in high energy physics}},
  volume = {8},
  year = {2023}
}

@article{Buhmann:2023pmh,
    author = "Buhmann, Erik and Kasieczka, Gregor and Thaler, Jesse",
    title = "{EPiC-GAN: Equivariant point cloud generation for particle jets}",
    eprint = "2301.08128",
    archivePrefix = "arXiv",
    primaryClass = "hep-ph",
    reportNumber = "MIT-CTP 5519",
    doi = "10.21468/SciPostPhys.15.4.130",
    journal = "SciPost Phys.",
    volume = "15",
    number = "4",
    pages = "130",
    year = "2023"
}

@article{Orzari:2023zrh,
    author = "Orzari, Breno and Chernyavskaya, Nadezda and Cobe, Raphael and Duarte, Javier and Fialho, Jefferson and Gunopulos, Dimitrios and Kansal, Raghav and Pierini, Maurizio and Tomei, Thiago and Touranakou, Mary",
    title = "{LHC hadronic jet generation using convolutional variational autoencoders with normalizing flows}",
    eprint = "2310.13138",
    archivePrefix = "arXiv",
    primaryClass = "physics.comp-ph",
    reportNumber = "FERMILAB-PUB-23-647-V",
    doi = "10.1088/2632-2153/ad04ea",
    journal = "Mach. Learn. Sci. Tech.",
    volume = "4",
    pages = "045023",
    year = "2023"
}


@article{Kach:2022uzq,
  archiveprefix = {arXiv},
  author        = {Kach, Benno and Kr{\"u}cker, Dirk and Melzer-Pellmann, Isabell},
  eprint        = {2211.13623},
  primaryclass  = {hep-ex},
  title         = {{Point Cloud Generation using Transformer Encoders and Normalising Flows}},
  year          = {2022},
  journal       = {{Machine Learning and the Physical Sciences Workshop at NeurIPS}}
}

@article{Kach:2023rqw,
  archiveprefix = {arXiv},
  author        = {Kach, Benno and Melzer-Pellmann, Isabell},
  eprint        = {2305.15254},
  primaryclass  = {hep-ex},
  title         = {{Attention to Mean-Fields for Particle Cloud Generation}},
  year          = {2023}
}

@article{Mikuni:2023dvk,
    author = "Mikuni, Vinicius and Nachman, Benjamin and Pettee, Mariel",
    title = "{Fast point cloud generation with diffusion models in high energy physics}",
    eprint = "2304.01266",
    archivePrefix = "arXiv",
    primaryClass = "hep-ph",
    doi = "10.1103/PhysRevD.108.036025",
    journal = "Phys. Rev. D",
    volume = "108",
    number = "3",
    pages = "036025",
    year = "2023"
}