@article{Agostinelli:2002hh,
      author         = "Agostinelli, S. and others",
      title          = "{GEANT4: A Simulation toolkit}",
      collaboration  = "GEANT4",
      journal        = "Nucl. Instrum. Methods Phys. Res. A",
      volume         = "A506",
      year           = "2003",
      pages          = "250",
      doi            = "10.1016/S0168-9002(03)01368-8",
      reportNumber   = "SLAC-PUB-9350, FERMILAB-PUB-03-339",
      SLACcitation   = "%%CITATION = NUIMA,A506,250;%%"
}

@article{Larkoski:2017jix,
    author = "Larkoski, Andrew J. and Moult, Ian and Nachman, Benjamin",
    title = "{Jet Substructure at the Large Hadron Collider: A Review of Recent Advances in Theory and Machine Learning}",
    eprint = "1709.04464",
    archivePrefix = "arXiv",
    primaryClass = "hep-ph",
    doi = "10.1016/j.physrep.2019.11.001",
    journal = "Phys. Rept.",
    volume = "841",
    pages = "1",
    year = "2020"
}
@article{Musella:2018rdi,
      author         = "Musella, Pasquale and Pandolfi, Francesco",
      title          = "Fast and Accurate Simulation of Particle Detectors Using
                        Generative Adversarial Networks",
      journal        = "Comput. Softw. Big Sci.",
      volume         = "2",
      year           = "2018",
      pages          = "8",
      doi            = "10.1007/s41781-018-0015-y",
      eprint         = "1805.00850",
      archivePrefix  = "arXiv",
      primaryClass   = "hep-ex",
      SLACcitation   = "%%CITATION = ARXIV:1805.00850;%%"
}

@inproceedings{Goodfellow:2014upx,
      author         = "Goodfellow, Ian J. and Pouget-Abadie, Jean and Mirza,
                        Mehdi and Xu, Bing and Warde-Farley, David and Ozair,
                        Sherjil and Courville, Aaron and Bengio, Yoshua",
      title          = "Generative Adversarial Nets",
      year           = "2014",
      eprint         = "1406.2661",
      archivePrefix  = "arXiv",
      primaryClass   = "stat.ML",
booktitle = {Advances in Neural Information Processing Systems},
volume = {27},
editor = {Z. Ghahramani and M. Welling and C. Cortes and N. D. Lawrence and K. Q. Weinberger},
pages = {2672},
publisher = {Curran Associates, Inc.},
url = {http://papers.nips.cc/paper/5423-generative-adversarial-nets.pdf}
}

@unpublished{kingma2014auto,
   author = {{Kingma}, D.~P and {Welling}, M.},
    title = "Auto-Encoding Variational {Bayes}",
archivePrefix = "arXiv",
   eprint = {1312.6114},
 primaryClass = "stat.ML",
     year = 2013,
}

@article{lagan,
      author         = "de Oliveira, Luke and Paganini, Michela and Nachman,
                        Benjamin",
      title          = "Learning Particle Physics by Example: Location-Aware
                        Generative Adversarial Networks for Physics Synthesis",
      journal        = "Comput. Softw. Big Sci.",
      volume         = "1",
      year           = "2017",
      pages          = "4",
      doi            = "10.1007/s41781-017-0004-6",
      eprint         = "1701.05927",
      archivePrefix  = "arXiv",
      primaryClass   = "stat.ML",
      SLACcitation   = "%%CITATION = ARXIV:1701.05927;%%"
}

@article{Belayneh:2019vyx,
    author = "Belayneh, Dawit and others",
    title = "{Calorimetry with deep learning: particle simulation and reconstruction for collider physics}",
    eprint = "1912.06794",
    archivePrefix = "arXiv",
    primaryClass = "physics.ins-det",
    reportNumber = "FERMILAB-PUB-20-448-CMS",
    doi = "10.1140/epjc/s10052-020-8251-9",
    journal = "Eur. Phys. J. C",
    volume = "80",
    pages = "688",
    year = "2020"
}

@article{Erdmann:2018kuh,
      author         = "Erdmann, Martin and Geiger, Lukas and Glombitza, Jonas
                        and Schmidt, David",
      title          = "{Generating and refining particle detector simulations
                        using the Wasserstein distance in adversarial networks}",
      journal        = "Comput. Softw. Big Sci.",
      volume         = "2",
      year           = "2018",
      pages          = "4",
      doi            = "10.1007/s41781-018-0008-x",
      eprint         = "1802.03325",
      archivePrefix  = "arXiv",
      primaryClass   = "astro-ph.IM",
      SLACcitation   = "%%CITATION = ARXIV:1802.03325;%%"
}

@article{Paganini:2017hrr,
      author         = "Paganini, Michela and de Oliveira, Luke and Nachman,
                        Benjamin",
      title          = "Accelerating Science with Generative Adversarial
                        Networks: An Application to {3D} Particle Showers in
                        Multilayer Calorimeters",
      journal        = "Phys. Rev. Lett.",
      volume         = "120",
      year           = "2018",
      pages          = "042003",
      doi            = "10.1103/PhysRevLett.120.042003",
      eprint         = "1705.02355",
      archivePrefix  = "arXiv",
      primaryClass   = "hep-ex",
      SLACcitation   = "%%CITATION = ARXIV:1705.02355;%%"
}

@InProceedings{arjovsky2017wasserstein,
  title = 	 {{W}asserstein Generative Adversarial Networks},
  author =       {Martin Arjovsky and Soumith Chintala and L{\'e}on Bottou},
  booktitle = 	 {Proceedings of the 34th International Conference on Machine Learning},
  pages = 	 {214--223},
  year = 	 {2017},
  editor = 	 {Precup, Doina and Teh, Yee Whye},
  volume = 	 {70},
  series = 	 {Proceedings of Machine Learning Research},
  month = 	 {06--11 Aug},
  publisher =    {PMLR},
  pdf = 	 {http://proceedings.mlr.press/v70/arjovsky17a/arjovsky17a.pdf},
  url = 	 {https://proceedings.mlr.press/v70/arjovsky17a.html},
}


@inproceedings{1704.00028,
title = {Improved Training of {Wasserstein} {GANs}},
author = {Gulrajani, Ishaan and Ahmed, Faruk and Arjovsky, Martin and Dumoulin, Vincent and Courville, Aaron C},
booktitle = {Advances in Neural Information Processing Systems},
volume = {30},
editor = {I. Guyon and U. V. Luxburg and S. Bengio and H. Wallach and R. Fergus and S. Vishwanathan and R. Garnett},
pages = {5767},
year = {2017},
publisher = {Curran Associates, Inc.},
url = {http://papers.nips.cc/paper/7159-improved-training-of-wasserstein-gans.pdf},
    eprint = {1704.00028},
    archivePrefix  = "arXiv",
}


@unpublished{Hashemi:2019fkn,
      author         = "Hashemi, Bobak and Amin, Nick and Datta, Kaustuv and
                        Olivito, Dominick and Pierini, Maurizio",
      title          = "{LHC} analysis-specific datasets with Generative
                        Adversarial Networks",
      year           = "2019",
      eprint         = "1901.05282",
      archivePrefix  = "arXiv",
      primaryClass   = "hep-ex",
      SLACcitation   = "%%CITATION = ARXIV:1901.05282;%%"
}

@article{Butter:2019cae,
      author         = "Butter, Anja and Plehn, Tilman and Winterhalder, Ramon",
      title          = "How to {GAN} {LHC} Events",
      journal        = "SciPost Phys.",
      volume         = "7",
      year           = "2019",
      pages          = "075",
      doi            = "10.21468/SciPostPhys.7.6.075",
      eprint         = "1907.03764",
      archivePrefix  = "arXiv",
      primaryClass   = "hep-ph",
      SLACcitation   = "%%CITATION = ARXIV:1907.03764;%%"
}

@misc{MNIST,
  author = {LeCun, Yann and Cortes, Corinna},
  url = {http://yann.lecun.com/exdb/mnist/},
  title = {{MNIST} handwritten digit database},
  year = 2010
}


@article{Carrazza:2019cnt,
      author         = "Carrazza, Stefano and Dreyer, Frédéric A.",
      title          = "{Lund jet images from generative and cycle-consistent
                        adversarial networks}",
      journal        = "Eur. Phys. J. C",
      volume         = "79",
      year           = "2019",
      pages          = "979",
      doi            = "10.1140/epjc/s10052-019-7501-1",
      eprint         = "1909.01359",
      archivePrefix  = "arXiv",
      primaryClass   = "hep-ph",
      reportNumber   = "OUTP-19-09P, TIF-UNIMI-2019-14",
      SLACcitation   = "%%CITATION = ARXIV:1909.01359;%%"
}

@unpublished{Otten:2019hhl,
      author         = "Otten, Sydney and Caron, Sascha and de Swart, Wieske and
                        van Beekveld, Melissa and Hendriks, Luc and van Leeuwen,
                        Caspar and Podareanu, Damian and Ruiz de Austri, Roberto
                        and Verheyen, Rob",
      title          = "Event Generation and Statistical Sampling for Physics
                        with Deep Generative Models and a Density Information
                        Buffer",
      year           = "2019",
      eprint         = "1901.00875",
      archivePrefix  = "arXiv",
      primaryClass   = "hep-ph",
      SLACcitation   = "%%CITATION = ARXIV:1901.00875;%%"
}

@article{DiSipio:2019imz,
      author         = "Di Sipio, Riccardo and Faucci Giannelli, Michele and
                        Ketabchi Haghighat, Sana and Palazzo, Serena",
      title          = "{DijetGAN}: A Generative-Adversarial Network Approach for
                        the Simulation of {QCD} Dijet Events at the {LHC}",
      journal        = "JHEP",
      volume         = "08",
      year           = "2020",
      pages          = "110",
      doi            = "10.1007/JHEP08(2019)110",
      eprint         = "1903.02433",
      archivePrefix  = "arXiv",
      primaryClass   = "hep-ex",
      SLACcitation   = "%%CITATION = ARXIV:1903.02433;%%"
}

@article{Alves:2017she,
      author         = "{HEP Software Foundation}",
      title          = "A Roadmap for {HEP} Software and Computing {R\&D} for the
                        2020s",
      journal        = "Comput. Softw. Big Sci.",
      volume         = "3",
      year           = "2019",
      pages          = "7",
      doi            = "10.1007/s41781-018-0018-8",
      eprint         = "1712.06982",
      archivePrefix  = "arXiv",
      primaryClass   = "physics.comp-ph",
      reportNumber   = "HSF-CWP-2017-01, HSF-CWP-2017-001,
                        FERMILAB-PUB-17-607-CD",
      SLACcitation   = "%%CITATION = ARXIV:1712.06982;%%"
}


@article{subjettiness,
      author         = "Thaler, Jesse and Van Tilburg, Ken",
      title          = "{Identifying Boosted Objects with N-subjettiness}",
      journal        = "JHEP",
      volume         = "03",
      year           = "2011",
      pages          = "015",
      doi            = "10.1007/JHEP03(2011)015",
      eprint         = "1011.2268",
      archivePrefix  = "arXiv",
      primaryClass   = "hep-ph",
      reportNumber   = "MIT-CTP-4191",
      SLACcitation   = "%%CITATION = ARXIV:1011.2268;%%"
}
@article{PFcms,
      author         = "Sirunyan, A. M. and others",
      title          = "{Particle-flow reconstruction and global event
                        description with the CMS detector}",
      collaboration  = "CMS",
      journal        = "JINST",
      volume         = "12",
      year           = "2017",
      pages          = "P10003",
      doi            = "10.1088/1748-0221/12/10/P10003",
      eprint         = "1706.04965",
      archivePrefix  = "arXiv",
      primaryClass   = "physics.ins-det",
      reportNumber   = "CMS-PRF-14-001, CERN-EP-2017-110",
      SLACcitation   = "%%CITATION = ARXIV:1706.04965;%%"
}

@article{antikt,
      author         = "Cacciari, Matteo and Salam, Gavin P. and Soyez, Gregory",
      title          = "{The anti-$k_{\mathrm{T}}$ jet clustering algorithm}",
      journal        = "JHEP",
      volume         = "04",
      year           = "2008",
      pages          = "063",
      doi            = "10.1088/1126-6708/2008/04/063",
      eprint         = "0802.1189",
      archivePrefix  = "arXiv",
      primaryClass   = "hep-ph",
      reportNumber   = "LPTHE-07-03",
      SLACcitation   = "%%CITATION = ARXIV:0802.1189;%%"
}


@INPROCEEDINGS{Salamani:2645142,
author={D. {Salamani} and S. {Gadatsch} and T. {Golling} and G. A. {Stewart} and A. {Ghosh} and D. {Rousseau} and A. {Hasib} and J. {Schaarschmidt} and {ATLAS Collaboration}},
  booktitle={2018 IEEE 14th International Conference on e-Science (e-Science)}, 
  title={Deep Generative Models for Fast Shower Simulation in ATLAS}, 
  year={2018},
  pages={348},
      reportNumber  = "ATL-SOFT-SLIDE-2018-983",
      url           = "http://cds.cern.ch/record/2645142",
  doi={10.1109/eScience.2018.00091}
  }


@article{Martinez:2019jlu,
    author = "Arjona Mart\'{i}nez, Jesús and Nguyen, Thong Q. and Pierini, Maurizio and Spiropulu, Maria and Vlimant, Jean-Roch",
    title = "Particle Generative Adversarial Networks for full-event simulation at the {LHC} and their application to pileup description",
    eprint = "1912.02748",
    archivePrefix = "arXiv",
    primaryClass = "hep-ex",
    doi = "10.1088/1742-6596/1525/1/012081",
    journal = "J. Phys. Conf. Ser.",
      booktitle      = "{19th International Workshop on Advanced Computing and Analysis Techniques in Physics Research (ACAT 2019)}",
    volume = "1525",
    pages = "012081",
    year = "2020",
}


@article{tsne,
  author = {van der Maaten, Laurens and Hinton, Geoffrey},
  journal = {J. Mach. Learn. Res.},
  pages = {2579},
  title = {Visualizing Data using {t-SNE} },
  note = {\href{http://www.jmlr.org/papers/v9/vandermaaten08a.html}{http://www.jmlr.org/papers/v9/vandermaaten08a.html}},
  volume = 9,
  year = 2008
}

@misc{hls4mldata_150p,
  author       = {Pierini, Maurizio and
                  Duarte, Javier Mauricio and
                  Tran, Nhan and
                  Freytsis, Marat},
  title        = {\texttt{hls4ml} {LHC} Jet dataset (150 particles)},
  year         = 2020,
  publisher    = {Zenodo},
  doi          = {10.5281/zenodo.3602260},
}

@misc{hls4mldata_100p,
  author       = {Pierini, Maurizio and
                  Duarte, Javier Mauricio and
                  Tran, Nhan and
                  Freytsis, Marat},
  title        = {\texttt{hls4ml} {LHC} Jet dataset (100 particles)},
  month        = 01,
  year         = 2020,
  publisher    = {Zenodo},
  doi          = {10.5281/zenodo.3602254},
}

@misc{hls4mldata_50p,
  author       = {Pierini, Maurizio and
                  Duarte, Javier Mauricio and
                  Tran, Nhan and
                  Freytsis, Marat},
 title        = {\texttt{hls4ml} {LHC} Jet dataset (50 particles)},
  month        = 01,
  year         = 2020,
  publisher    = {Zenodo},
  doi          = {10.5281/zenodo.3601443},
}

@misc{hls4mldata_30p,
  author       = {Pierini, Maurizio and
                  Duarte, Javier Mauricio and
                  Tran, Nhan and
                  Freytsis, Marat},
title        = {\texttt{hls4ml} {LHC} Jet dataset (30 particles)},
  month        = 01,
  year         = 2020,
  publisher    = {Zenodo},
  doi          = {10.5281/zenodo.3601436},
}


@article{hls4ml,
      author         = "Duarte, Javier and others",
      title          = "{Fast inference of deep neural networks in FPGAs for 
                        particle physics}",
      journal        = "JINST",
      volume         = "13",
      year           = "2018",
      pages          = "P07027",
      doi            = "10.1088/1748-0221/13/07/P07027",
      eprint         = "1804.06913",
      archivePrefix  = "arXiv",
      primaryClass   = "physics.ins-det",
      reportNumber   = "FERMILAB-PUB-18-089-E",
      SLACcitation   = "%%CITATION = ARXIV:1804.06913;%%"
}


@article{jedinet,
      author         = "Moreno, Eric A. and Cerri, Olmo and Duarte, Javier M. and
                        Newman, Harvey B. and Nguyen, Thong Q. and Periwal, Avikar
                        and Pierini, Maurizio and Serikova, Aidana and Spiropulu,
                        Maria and Vlimant, Jean-Roch",
      title          = "{JEDI-net: a jet identification algorithm based on
                        interaction networks}",
      journal        = "Eur. Phys. J. C",
      volume         = "80",
      year           = "2020",
      pages          = "58",
      doi            = "10.1140/epjc/s10052-020-7608-4",
      eprint         = "1908.05318",
      archivePrefix  = "arXiv",
      primaryClass   = "hep-ex",
      reportNumber   = "FERMILAB-PUB-19-360-PPD",
      SLACcitation   = "%%CITATION = ARXIV:1908.05318;%%"
}

@inproceedings{NND, 
author = {Sainin, Mohd Shamrie and Alfred, Rayner}, 
title = {Nearest Neighbour Distance Matrix Classification}, 
year = {2010}, 
booktitle = {Proceedings of the 6th International Conference on Advanced Data Mining and Applications: Part I}, 
pages = {114–124}, 
}

@misc{EFL,
  author    = {Komiske, Patrick T. and others},
  title     = {EnergyFlow library},
  note       = {\url{https://energyflow.network}},
 }

@article{Coleman:2017fiq,
      author         = "Coleman, Evan and Freytsis, Marat and Hinzmann, Andreas
                        and Narain, Meenakshi and Thaler, Jesse and Tran, Nhan and
                        Vernieri, Caterina",
      title          = "{The importance of calorimetry for highly-boosted jet
                        substructure}",
      journal        = "JINST",
      volume         = "13",
      year           = "2018",
      pages          = "T01003",
      doi            = "10.1088/1748-0221/13/01/T01003",
      eprint         = "1709.08705",
      archivePrefix  = "arXiv",
      primaryClass   = "hep-ph",
      reportNumber   = "FERMILAB-PUB-17-347-E, MIT-CTP-4935",
      SLACcitation   = "%%CITATION = ARXIV:1709.08705;%%"
}


@InProceedings{pmlr-v70-gilmer17a,
  title = 	 {Neural Message Passing for Quantum Chemistry},
  author =       {Justin Gilmer and Samuel S. Schoenholz and Patrick F. Riley and Oriol Vinyals and George E. Dahl},
  pages = 	 {1263},
  year = 	 {2017},
  editor = 	 {Doina Precup and Yee Whye Teh},
  volume = 	 {70},
  series = 	 {Proceedings of Machine Learning Research},
  publisher =    {PMLR},
  pdf = 	 {http://proceedings.mlr.press/v70/gilmer17a/gilmer17a.pdf},
  url = 	 {http://proceedings.mlr.press/v70/gilmer17a.html},
}



@inproceedings{karras_2020,
    title={Training Generative Adversarial Networks with Limited Data},
    author={Tero Karras and Miika Aittala and Janne Hellsten and Samuli Laine and Jaakko Lehtinen and Timo Aila},
    year={2020},
    eprint={2006.06676},
    archivePrefix={arXiv},
    primaryClass={cs.CV},
	booktitle = {Advances in Neural Information Processing Systems},
	editor = {H. Larochelle and M. Ranzato and R. Hadsell and M. F. Balcan and H. Lin},
	pages = {12104},
	publisher = {Curran Associates, Inc.},
	url = {https://proceedings.neurips.cc/paper/2020/file/8d30aa96e72440759f74bd2306c1fa3d-Paper.pdf},
	volume = {33},
	}


@unpublished{zhao_2020,
    title={Image Augmentations for {GAN} Training},
    author={Zhengli Zhao and Zizhao Zhang and Ting Chen and Sameer Singh and Han Zhang},
    year={2020},
    eprint={2006.02595},
    archivePrefix={arXiv},
    primaryClass={cs.LG}
}

@article{tran_2020,
    title={On Data Augmentation for {GAN} Training},
    author={Ngoc-Trung Tran and Viet-Hung Tran and Ngoc-Bao Nguyen and Trung-Kien Nguyen and Ngai-Man Cheung},
    eprint={2006.05338},
    archivePrefix={arXiv},
    primaryClass={cs.CV},
    volume={30},
   ISSN={1941-0042},
   DOI={10.1109/tip.2021.3049346},
   journal={IEEE Trans. Image Process.},
   publisher={IEEE},
   year={2021},
   pages={1882}
}

@inproceedings{TTUR,
title = {{GANs} Trained by a Two Time-Scale Update Rule Converge to a Local Nash Equilibrium},
author = {Heusel, Martin and Ramsauer, Hubert and Unterthiner, Thomas and Nessler, Bernhard and Hochreiter, Sepp},
booktitle = {Advances in Neural Information Processing Systems},
editor = {I. Guyon and U. V. Luxburg and S. Bengio and H. Wallach and R. Fergus and S. Vishwanathan and R. Garnett},
pages = {6626},
volume = {30},
year = {2017},
publisher = {Curran Associates, Inc.},
url = {http://papers.nips.cc/paper/7240-gans-trained-by-a-two-time-scale-update-rule-converge-to-a-local-nash-equilibrium.pdf},
eprint = "1706.08500",
}

@unpublished{WGAN,
    title={Wasserstein {GAN}},
    author={Martin Arjovsky and Soumith Chintala and L{\'{e}}on Bottou},
    year={2017},
    eprint={1701.07875},
    archivePrefix={arXiv},
    primaryClass={stat.ML}
}

@unpublished{hinge1,
    title={Geometric {GAN}},
    author={Jae Hyun Lim and Jong Chul Ye},
    year={2017},
    eprint={1705.02894},
    archivePrefix={arXiv},
    primaryClass={stat.ML}
}

@inproceedings{hinge2,
    title={Hierarchical Implicit Models and Likelihood-Free Variational Inference},
    author={Dustin Tran and Rajesh Ranganath and David M. Blei},
    year={2017},
    eprint={1702.08896},
    archivePrefix={arXiv},
    primaryClass={stat.ML},
booktitle = {Advances in Neural Information Processing Systems},
volume = {30},
editor = {I. Guyon and U. V. Luxburg and S. Bengio and H. Wallach and R. Fergus and S. Vishwanathan and R. Garnett},
pages = {5523},
publisher = {Curran Associates, Inc.},
url = {http://papers.nips.cc/paper/7136-hierarchical-implicit-models-and-likelihood-free-variational-inference.pdf}
}


@inproceedings{spectralnorm,
    title={Spectral Normalization for Generative Adversarial Networks},
    author={Takeru Miyato and Toshiki Kataoka and Masanori Koyama and Yuichi Yoshida},
    year={2018},
    eprint={1802.05957},
    archivePrefix={arXiv},
    primaryClass={cs.LG},
booktitle={6th International Conference on Learning Representations},
url={https://openreview.net/forum?id=B1QRgziT-},
}

@unpublished{acgd,
    title={Implicit competitive regularization in {GANs}},
    author={Florian Schäfer and Hongkai Zheng and Anima Anandkumar},
    year={2019},
    eprint={1910.05852},
    archivePrefix={arXiv},
    primaryClass={cs.LG}
}

@inproceedings{wgangp,
    title={Improved Training of {Wasserstein} {GANs}},
    author={Ishaan Gulrajani and Faruk Ahmed and Martin Arjovsky and Vincent Dumoulin and Aaron Courville},
    year={2017},
    eprint={1704.00028},
    archivePrefix={arXiv},
    primaryClass={cs.LG},
booktitle = {Advances in Neural Information Processing Systems},
volume = {30},
editor = {I. Guyon and U. V. Luxburg and S. Bengio and H. Wallach and R. Fergus and S. Vishwanathan and R. Garnett},
pages = {5767},
publisher = {Curran Associates, Inc.},
url = {http://papers.nips.cc/paper/7159-improved-training-of-wasserstein-gans.pdf}
}


@article{dropout,
  author  = {Nitish Srivastava and Geoffrey Hinton and Alex Krizhevsky and Ilya Sutskever and Ruslan Salakhutdinov},
  title   = {Dropout: A Simple Way to Prevent Neural Networks from Overfitting},
  journal = {J. Mach. Learn. Res.},
  year    = {2014},
  volume  = {15},
  pages   = {1929},
  url     = {http://jmlr.org/papers/v15/srivastava14a.html}
}


@inproceedings{batchnorm,
 author = {Ioffe, Sergey and Szegedy, Christian},
 title = {Batch Normalization: Accelerating Deep Network Training by Reducing Internal Covariate Shift},
 booktitle = {Proceedings of the 32nd International Conference on Machine Learning},
 year = {2015},
 location = {Lille, France},
 pages = {448},
 numpages = {9},
 archivePrefix = {arXiv},
 eprint    = {1502.03167},
 url = {http://proceedings.mlr.press/v37/ioffe15.html},
 publisher = {PMLR},
 editor = {Francis Bach and David Blei}, 
 volume = {37}, 
} 

@inproceedings{hgcal,
    author = "Martelli, Arabella",
    collaboration = "CMS",
    title = "{The CMS HGCAL detector for HL-LHC upgrade}",
    booktitle = "{5th Large Hadron Collider Physics Conference}",
    eprint = "1708.08234",
    archivePrefix = "arXiv",
    primaryClass = "physics.ins-det",
    month = "8",
    year = "2017"
}

@unpublished{Lu:2020npg,
    author = "Lu, Yadong and Collado, Julian and Whiteson, Daniel and Baldi, Pierre",
    title = "{SARM}: Sparse Autoregressive Model for Scalable Generation of Sparse Images in Particle Physics",
    eprint = "2009.14017",
    archivePrefix = "arXiv",
    primaryClass = "physics.data-an",
    year = "2020"
}

@misc{graph_gan_repo,
    author       = {Kansal, Raghav},
    title        = {rkansal47/graph-gan: v0.1.0},
    year         = 2020,
    doi          = {10.5281/zenodo.4299011},
    version      = {0.1.0},
    publisher    = {Zenodo},
    }
    
@article{Alwall:2014hca,
    author = "Alwall, J. and Frederix, R. and Frixione, S. and Hirschi, V. and Maltoni, F. and Mattelaer, O. and Shao, H. -S. and Stelzer, T. and Torrielli, P. and Zaro, M.",
    title = "{The automated computation of tree-level and next-to-leading order differential cross sections, and their matching to parton shower simulations}",
    eprint = "1405.0301",
    archivePrefix = "arXiv",
    primaryClass = "hep-ph",
    reportNumber = "CERN-PH-TH-2014-064, CP3-14-18, LPN14-066, MCNET-14-09, ZU-TH-14-14",
    doi = "10.1007/JHEP07(2014)079",
    journal = "JHEP",
    volume = "07",
    pages = "079",
    year = "2014"
}

@book{Ellis:318585,
      author        = "Ellis, Richard Keith and Stirling, William James and
                       Webber, Bryan R",
      title         = "{QCD and collider physics}",
      publisher     = "Cambridge University Press",
      address       = "Cambridge",
      series        = "Cambridge monographs on particle physics, nuclear physics,
                       and cosmology",
      year          = "2003",
      url           = "https://cds.cern.ch/record/318585",
      note          = "Photography by S. Vascotto",
      doi           = "10.1017/CBO9780511628788",
}

@Article{Cacciari:2008gp,
     AUTHOR    = "Cacciari, Matteo and Salam, Gavin P. and Soyez, Gregory",
     TITLE     = "{The anti-$\kt$ jet clustering algorithm}",
     JOURNAL   = "JHEP",
     VOLUME    = "04",
     YEAR      = "2008",
     PAGES     = "063",
     doi       = "10.1088/1126-6708/2008/04/063",
     eprint         = "0802.1189",
     archivePrefix  = "arXiv",
     primaryClass   = "hep-ex",
}
@article{fastjet:1,
      author         = "Cacciari, Matteo and Salam, Gavin P. and Soyez, Gregory",
      title          = "{FastJet user manual}",
      journal        = "Eur. Phys. J. C",
      volume         = "72",
      pages          = "1896",
      doi            = "10.1140/epjc/s10052-012-1896-2",
      year           = "2012",
      eprint         = "1111.6097",
      archivePrefix  = "arXiv",
      primaryClass   = "hep-ph",
      reportNumber   = "CERN-PH-TH-2011-297",
      SLACcitation   = "%%CITATION = ARXIV:1111.6097;%%",
}


@article{dynamicgraphcnn,
  author    = {Yue Wang and
               Yongbin Sun and
               Ziwei Liu and
               Sanjay E. Sarma and
               Michael M. Bronstein and
               Justin M. Solomon},
  title     = "Dynamic Graph {CNN} for Learning on Point Clouds",
  year      = {2019},
  publisher = {Association for Computing Machinery},
  journal = {ACM Trans. Graph.},
  volume = {38},
  archivePrefix = {arXiv},
  eprint    = {1801.07829},
  doi = {10.1145/3326362},
}

@article{Sirunyan:2020lcu,
    author = "Sirunyan, Albert M and others",
    collaboration = "CMS",
    title = "{Identification of heavy, energetic, hadronically decaying particles using machine-learning techniques}",
    eprint = "2004.08262",
    archivePrefix = "arXiv",
    primaryClass = "hep-ex",
    reportNumber = "CMS-JME-18-002, CERN-EP-2020-037",
    doi = "10.1088/1748-0221/15/06/P06005",
    journal = "JINST",
    volume = "15",
    pages = "P06005",
    year = "2020"
}

@article{Cogan:2014oua,
    author = "Cogan, Josh and Kagan, Michael and Strauss, Emanuel and Schwarztman, Ariel",
    title = "{Jet-Images: Computer Vision Inspired Techniques for Jet Tagging}",
    eprint = "1407.5675",
    archivePrefix = "arXiv",
    primaryClass = "hep-ph",
    doi = "10.1007/JHEP02(2015)118",
    journal = "JHEP",
    volume = "02",
    pages = "118",
    year = "2015"
}

@article{deOliveira:2015xxd,
    author = "de Oliveira, Luke and Kagan, Michael and Mackey, Lester and Nachman, Benjamin and Schwartzman, Ariel",
    title = "{Jet-images \textemdash{} deep learning edition}",
    eprint = "1511.05190",
    archivePrefix = "arXiv",
    primaryClass = "hep-ph",
    doi = "10.1007/JHEP07(2016)069",
    journal = "JHEP",
    volume = "07",
    pages = "069",
    year = "2016"
}

@article{fastjet:2,
  author			= "M.~Cacciari and G.~P.~Salam",
  title				= "Dispelling the $N^{3}$ myth for the $\kt$ jet-finder",
  journal			= "Phys. Lett. B",
  volume			= "641",
  year				= "2006",
  pages				= "57",
  doi				= "10.1016/j.physletb.2006.08.037",
  eprint			= "hep-ph/0512210",
  primaryClass		= "hep-ph",
  SLACcitation		= "%%CITATION = PHLTA,B641,57;%%"
}
@article{Skands:2014pea,
    author = "Skands, Peter and Carrazza, Stefano and Rojo, Juan",
    title = "{Tuning \PYTHIA8.1: The Monash 2013 Tune}",
    eprint = "1404.5630",
    archivePrefix = "arXiv",
    primaryClass = "hep-ph",
    reportNumber = "CERN-PH-TH-2014-069, MCNET-14-08, OUTP-14-05P",
    doi = "10.1140/epjc/s10052-014-3024-y",
    journal = "Eur. Phys. J. C",
    volume = "74",
    number = "8",
    pages = "3024",
    year = "2014"
}

@article{Ball:2012cx,
    author = "Ball, Richard D. and others",
    title = "{Parton distributions with LHC data}",
    eprint = "1207.1303",
    archivePrefix = "arXiv",
    primaryClass = "hep-ph",
    reportNumber = "EDINBURGH-2012-08, IFUM-FT-997, FR-PHENO-2012-014, RWTH-TTK-12-25, CERN-PH-TH-2012-037, SFB-CPP-12-47",
    doi = "10.1016/j.nuclphysb.2012.10.003",
    journal = "Nucl. Phys. B",
    volume = "867",
    pages = "244--289",
    year = "2013"
}

@article{herwig,
    author = "Bellm, Johannes and others",
    title = "{\HERWIG7.0/\HERWIG++3.0 release note}",
    eprint = "1512.01178",
    archivePrefix = "arXiv",
    primaryClass = "hep-ph",
    reportNumber = "CERN-PH-TH-2015-289, MAN-HEP-2015-15, IFJPAN-IV-2015-13, KA-TP-18-2015, DCPT-15-142, MCNET-15-28, IPPP-15-71, HERWIG-2015-01",
    doi = "10.1140/epjc/s10052-016-4018-8",
    journal = "Eur. Phys. J. C",
    volume = "76",
    number = "4",
    pages = "196",
    year = "2016"
}
@article{lundstringmodel,
    author = "Andersson, Bo and Gustafson, G. and Ingelman, G. and Sjostrand, T.",
    title = "{Parton Fragmentation and String Dynamics}",
    reportNumber = "LU-TP-83-10",
    doi = "10.1016/0370-1573(83)90080-7",
    journal = "Phys. Rept.",
    volume = "97",
    pages = "31",
    year = "1983"
}


@article{sarm,
    author = "Lu, Yadong and Collado, Julian and Whiteson, Daniel and Baldi, Pierre",
    title = "{Sparse autoregressive models for scalable generation of sparse images in particle physics}",
    eprint = "2009.14017",
    archivePrefix = "arXiv",
    primaryClass = "physics.data-an",
    doi = "10.1103/PhysRevD.103.036012",
    journal = "Phys. Rev. D",
    volume = "103",
    number = "3",
    pages = "036012",
    year = "2021"
}

@techreport{shapenet,
  title       = {{ShapeNet}: An Information-Rich {3D} Model Repository},
  author      = {Chang, Angel X. and Funkhouser, Thomas and Guibas, Leonidas and Hanrahan, Pat and Huang, Qixing and Li, Zimo and Savarese, Silvio and Savva, Manolis and Song, Shuran and Su, Hao and Xiao, Jianxiong and Yi, Li and Yu, Fisher},
  type = "{Technical Report}",
  eprint      = {1512.03012},
  primaryClass = "cs.GR",
  year        = {2015}
}

@inproceedings{graphcnngan,
  title={Learning Localized Generative Models for {3D} Point Clouds via Graph Convolution},
  author={Valsesia, Diego and Fracastoro, Giulia and Magli, Enrico},
  booktitle={International Conference on Learning Representations (ICLR) 2019},
  year={2019},
    url={https://openreview.net/forum?id=SJeXSo09FQ},
}

@InProceedings{rgan,
  title = 	 {Learning Representations and Generative Models for 3{D} Point Clouds},
  author =       {Achlioptas, Panos and Diamanti, Olga and Mitliagkas, Ioannis and Guibas, Leonidas},
  booktitle = 	 {Proceedings of the 35th International Conference on Machine Learning},
  pages = 	 {40},
  year = 	 {2018},
  editor = 	 {Dy, Jennifer and Krause, Andreas},
  volume = 	 {80},
  publisher =    {PMLR},
  url = 	 {http://proceedings.mlr.press/v80/achlioptas18a.html},
}

@inproceedings{treegan,
      title={{3D} Point Cloud Generative Adversarial Network Based on Tree Structured Graph Convolutions}, 
      author={Dong Wook Shu and Sung Woo Park and Junseok Kwon},
      year={2019},
      eprint={1905.06292},
      archivePrefix={arXiv},
      primaryClass={cs.CV},
  booktitle={2019 IEEE/CVF International Conference on Computer Vision (ICCV)}, 
  pages={3858},
  doi={10.1109/ICCV.2019.00396}}
}

@InProceedings{pointnet,
author = {Qi, Charles R. and Su, Hao and Mo, Kaichun and Guibas, Leonidas J.},
title = {{PointNet}: Deep Learning on Point Sets for {3D} Classification and Segmentation},
booktitle = {Proceedings of the IEEE Conference on Computer Vision and Pattern Recognition (CVPR)},
month = {July},
year = {2017}
}

@unpublished{wang2020rethinking,
  title={Rethinking sampling in {3D} point cloud generative adversarial networks},
  author={Wang, He and Jiang, Zetian and Yi, Li and Mo, Kaichun and Su, Hao and Guibas, Leonidas J},
  eprint={2006.07029},
      primaryClass={cs.CV},
  year={2020}
}

@unpublished{borji2021,
      title={Pros and Cons of {GAN} Evaluation Measures: New Developments}, 
      author={Ali Borji},
      year={2021},
      eprint={2103.09396},
      archivePrefix={arXiv},
      primaryClass={cs.LG}
}

@article{Komiske:2019fks,
    author = "Komiske, Patrick T. and Metodiev, Eric M. and Thaler, Jesse",
    title = "{Metric Space of Collider Events}",
    eprint = "1902.02346",
    archivePrefix = "arXiv",
    primaryClass = "hep-ph",
    reportNumber = "MIT-CTP 5102",
    doi = "10.1103/PhysRevLett.123.041801",
    journal = "Phys. Rev. Lett.",
    volume = "123",
    number = "4",
    pages = "041801",
    year = "2019"
}

@techreport{ATL-SOFT-PUB-2020-006,
      title         = "Fast simulation of the {ATLAS} calorimeter system with
                       Generative Adversarial Networks",
      type = "{ATLAS Software Public Note}",
      collaboration = "ATLAS",
      reportNumber  = "ATL-SOFT-PUB-2020-006",
      number  = "ATL-SOFT-PUB-2020-006",
      year          = "2020",
      url           = "https://cds.cern.ch/record/2746032",
}

@article{erdmann2019,
      author         = "Erdmann, Martin and Glombitza, Jonas and Quast, Thorben",
      title          = "Precise simulation of electromagnetic calorimeter
                        showers using a {Wasserstein} Generative Adversarial
                        Network",
      journal        = "Comput. Softw. Big Sci.",
      volume         = "3",
      year           = "2019",      
      pages          = "4",
      doi            = "10.1007/s41781-018-0019-7",
      eprint         = "1807.01954",
      archivePrefix  = "arXiv",
      primaryClass   = "physics.ins-det",
      SLACcitation   = "%%CITATION = ARXIV:1807.01954;%%"
} 


@article{carminati2020,
    author = "Carminati, Federico and Khattak, Gulrukh and Loncar, Vladimir and Nguyen, Thong Q. and Pierini, Maurizio and Brito Da Rocha, Ricardo and Samaras-Tsakiris, Konstantinos and Vallecorsa, Sofia and Vlimant, Jean-Roch",
    title = "Generative Adversarial Networks for fast simulation",
    doi = "10.1088/1742-6596/1525/1/012064",
    journal = "J. Phys. Conf. Ser.",
    volume = "1525",
    pages = "012064",
    year = "2020"
}


@ARTICLE{pythia,
      author         = "Sj{\"{o}}strand, Torbj{\"{o}}rn and Ask, Stefan and Christiansen,
                        Jesper R. and Corke, Richard and Desai, Nishita and Ilten,
                        Philip and Mrenna, Stephen and Prestel, Stefan and
                        Rasmussen, Christine O. and Skands, Peter Z.",
      title          = "{An introduction to {\PYTHIA8.2}}",
      journal        = "Comput. Phys. Commun.",
      volume         = "191",
      year           = "2015",
      pages          = "159",
      doi            = "10.1016/j.cpc.2015.01.024",
      eprint         = "1410.3012",
      archivePrefix  = "arXiv",
      primaryclassREMOVE   = "hep-ph",
      reportNumber   = "LU-TP-14-36, MCNET-14-22, CERN-PH-TH-2014-190,
                        FERMILAB-PUB-14-316-CD, DESY-14-178, SLAC-PUB-16122",
      SLACcitation   = "%%CITATION = ARXIV:1410.3012;%%"
}

@article{Sekmen:2016iql,
    author = "Sekmen, Sezen",
    collaboration = "CMS",
    title = "{Recent Developments in CMS Fast Simulation}",
    eprint = "1701.03850",
    archivePrefix = "arXiv",
    primaryClass = "physics.ins-det",
    doi = "10.22323/1.282.0181",
    journal = "PoS",
    volume = "ICHEP2016",
    pages = "181",
    year = "2016"
}

@article {Cranmer30055,
	author = {Cranmer, Kyle and Brehmer, Johann and Louppe, Gilles},
	title = {The frontier of simulation-based inference},
	volume = {117},
	pages = {30055},
	year = {2020},
	doi = {10.1073/pnas.1912789117},
	publisher = {National Academy of Sciences},
	issn = {0027-8424},
	journal = {PNAS},
      eprint={1911.01429},
      archivePrefix={arXiv},
      primaryClass={stat.ML}
}

@article{pedro19,
	author = {{Pedro, Kevin}},
	title = {Current and Future Performance of the CMS Simulation},
	DOI= "10.1051/epjconf/201921402036",
	url= "https://doi.org/10.1051/epjconf/201921402036",
	journal = {EPJ Web Conf.},
	year = 2019,
	volume = 214,
	pages = "02036",
}

@unpublished{chen2020data,
      title={Data Augmentation at the {LHC} through Analysis-specific Fast Simulation with Deep Learning}, 
      author={Cheng Chen and Olmo Cerri and Thong Q. Nguyen and Jean-Roch Vlimant and Maurizio Pierini},
      year={2020},
      eprint={2010.01835},
      archivePrefix={arXiv},
      primaryClass={physics.comp-ph}
}

@misc{jetnetlib,
  author    = {Kansal, Raghav},
  title     = {\jetnet Library v0.0.3},
  year     = {2021},
  DOI       = "10.5281/zenodo.5597893",
  url      = {https://github.com/jet-net/JetNet},
}

@misc{mpgancode,
  author    = {Kansal, Raghav},
  title     = {{MPGAN} v1.0.0},
  year    = {2021},
  DOI       = "10.5281/zenodo.5598407",
  url      = {https://github.com/rkansal47/MPGAN/tree/neurips21},
}

@article{CowanPDGStat,
      author         = "{G. Cowan, ``Statistics'', Ch. 40 in Particle Data Group} and P. A. Zyla and others",
    title = "{Review of Particle Physics}",
    doi = "10.1093/ptep/ptaa104",
    journal = "PTEP",
    volume = "2020",
    pages = "083C01",
    year = "2020",
    url = "https://pdg.lbl.gov/2021/reviews/rpp2020-rev-statistics.pdf",
}

@article{Barlow:1993dm,
    author = "Barlow, Roger J. and Beeston, Christine",
    title = "{Fitting using finite Monte Carlo samples}",
    reportNumber = "MAN-HEP-93-1",
    doi = "10.1016/0010-4655(93)90005-W",
    journal = "Comput. Phys. Commun.",
    volume = "77",
    pages = "219",
    year = "1993"
}

@incollection{Brehmer:2020cvb,
    author = "Brehmer, Johann and Cranmer, Kyle",
    title = "{Simulation-based inference methods for particle physics}",
    eprint = "2010.06439",
    archivePrefix = "arXiv",
    primaryClass = "hep-ph",
    month = "10",
    year = "2020",
    editor = "Paolo Calafiura and David Rousseau and Kazuhiro Terao",
    booktitle = "{Artificial Intelligence for High Energy Physics}",
    publisher = "World Scientific Publishing",
    journal = "Int. J. Mod. Phys. A",
    note = "Submitted to \emph{Int. J. Mod. Phys. A}",
    doi={10.1142/12200}
}


@incollection{Duarte:2020ngm,
    author = "Duarte, Javier and Vlimant, Jean-Roch",
    editor = "Paolo Calafiura and David Rousseau and Kazuhiro Terao",
    title = "Graph neural networks for particle tracking and reconstruction",
    eprint = "2012.01249",
    archivePrefix = "arXiv",
    primaryClass = "hep-ph",
    month = "12",
    year = "2020",
    booktitle = "{Artificial Intelligence for High Energy Physics}",
    publisher = "World Scientific Publishing",
    journal = "Int. J. Mod. Phys. A",
    note = "Submitted to \emph{Int. J. Mod. Phys. A}",
    doi={10.1142/12200},
}

@article{Khachatryan:2014jba,
      author         = "Khachatryan, Vardan and others",
      title          = "Precise determination of the mass of the {Higgs} boson and
                        tests of compatibility of its couplings with the standard
                        model predictions using proton collisions at 7 and 8 {TeV}",
      collaboration  = "CMS",
      journal        = "Eur. Phys. J. C",
      volume         = "75",
      year           = "2015",
      pages          = "212",
      doi            = "10.1140/epjc/s10052-015-3351-7",
      eprint         = "1412.8662",
      archivePrefix  = "arXiv",
      primaryClass   = "hep-ex",
      reportNumber   = "CMS-HIG-14-009, CERN-PH-EP-2014-288",
      SLACcitation   = "%%CITATION = ARXIV:1412.8662;%%"
}

@inproceedings{pointflow,
      title={{PointFlow}: {3D} Point Cloud Generation with Continuous Normalizing Flows}, 
      author={Guandao Yang and Xun Huang and Zekun Hao and Ming-Yu Liu and Serge Belongie and Bharath Hariharan},
      year={2019},
      eprint={1906.12320},
      archivePrefix={arXiv},
      primaryClass={cs.CV},
      booktitle={2019 IEEE/CVF International Conference on Computer Vision (ICCV)},  
      pages={4540},  
      doi={10.1109/ICCV.2019.00464}
}
      
@inproceedings{discretepointflow,
      title={Discrete Point Flow Networks for Efficient Point Cloud Generation}, 
      author={Roman Klokov and Edmond Boyer and Jakob Verbeek},
      year={2020},
      eprint={2007.10170},
      archivePrefix={arXiv},
      primaryClass={cs.CV},
	address = {Cham},
	booktitle = {2020 European Conference on Computer Vision (ECCV)},
	editor = {Vedaldi, Andrea and Bischof, Horst and Brox, Thomas and Frahm, Jan-Michael},
	pages = {694},
	publisher = {Springer International Publishing}
	}


@inproceedings{pcgan,
  title={Point cloud {GAN}},
  author={Li, Chun-Liang and Zaheer, Manzil and Zhang, Yang and Poczos, Barnabas and Salakhutdinov, Ruslan},
  eprint={1810.05795},
  year={2018},
  booktitle="2019 ICLR Workshop Deep Generative Models for Highly Structured Data",
  url={https://openreview.net/forum?id=S1xim8UFuV}
}

@inproceedings{ShapeGF,
    title={Learning Gradient Fields for Shape Generation},
    author={Cai, Ruojin and Yang, Guandao and Averbuch-Elor, Hadar and Hao, Zekun and Belongie, Serge and Snavely, Noah and Hariharan, Bharath},
    year={2020},
    eprint={2008.06520},
    archivePrefix={arXiv},
    primaryClass={cs.CV},
	address = {Cham},
	booktitle = {2020 European Conference on Computer Vision (ECCV)},
	editor = {Vedaldi, Andrea and Bischof, Horst and Brox, Thomas and Frahm, Jan-Michael},
	isbn = {978-3-030-58580-8},
	pages = {364}},
	publisher = {Springer International Publishing},
	}


@inproceedings{gschnet,
    title = {Symmetry-adapted generation of {3D} point sets for the targeted discovery of molecules},
    author = {Gebauer, Niklas and Gastegger, Michael and Sch{\"{u}}tt, Kristof},
    booktitle = {Advances in Neural Information Processing Systems 32},
    editor = {H. Wallach and H. Larochelle and A. Beygelzimer and F. d\textquotesingle Alch\'{e}-Buc and E. Fox and R. Garnett},
    pages = {7566},
    year = {2019},
    publisher = {Curran Associates, Inc.},
    url = {http://papers.nips.cc/paper/8974-symmetry-adapted-generation-of-3d-point-sets-for-the-targeted-discovery-of-molecules.pdf},
      eprint={1906.00957},
      archivePrefix={arXiv},
      primaryClass={stat.ML}
}


@InProceedings{kohler20,
  title = 	 {Equivariant Flows: Exact Likelihood Generative Learning for Symmetric Densities},
  author =       {K{\"{o}}hler, Jonas and Klein, Leon and Noe, Frank},
  booktitle = 	 {Proceedings of the 37th International Conference on Machine Learning},
  pages = 	 {5361},
  year = 	 {2020},
  editor = 	 {III, Hal Daum{\'{e}} and Singh, Aarti},
  volume = 	 {119},
  series = 	 {Proceedings of Machine Learning Research},
  publisher =    {PMLR},
  pdf = 	 {http://proceedings.mlr.press/v119/kohler20a/kohler20a.pdf},
  url = 	 {https://proceedings.mlr.press/v119/kohler20a.html},
      eprint={2006.02425},
      archivePrefix={arXiv},
      primaryClass={stat.ML}
}


@inproceedings{simm21,
    title={Symmetry-Aware Actor-Critic for 3D Molecular Design},
    author={Gregor N. C. Simm and Robert Pinsler and G{\'a}bor Cs{\'a}nyi and Jos{\'e} Miguel Hern{\'a}ndez-Lobato},
    booktitle={International Conference on Learning Representations},
    year={2021},
    url={https://openreview.net/forum?id=jEYKjPE1xYN}
}

@article{deng2012mnist,
  title={The mnist database of handwritten digit images for machine learning research},
  author={Deng, Li},
  journal={IEEE Signal Processing Magazine},
  volume={29},
  number={6},
  pages={141--142},
  year={2012},
  publisher={IEEE}
}